3050 5084
344 687 458 770 Alter
490 682 642 768 horum
672 683 917 768 morborum
944 682 990 764 in
1023 683 1195 766 alterum
1228 681 1384 766 nullam

344 823 465 906 aliam
484 821 768 936 vim'exerrere
786 821 897 903 visus
916 843 987 903 est.

399 963 627 1044 Paucorum
658 959 903 1040 morborum
935 981 1043 1040 certa
1079 957 1257 1042 remedia
1292 956 1386 1040 hac·

343 1113 462 1182 tenus
474 1095 657 1208 humano
669 1093 807 1202 generi
817 1093 971 1178 tributa
983 1118 1090 1178 sunt
1149 1097 1198 1177 ln
1213 1099 1385 1177 numero

342 1257 501 1336 eorum,
518 1233 571 1316 ad
588 1260 692 1342 quos
712 1233 925 1342 proprium
940 1233 1169 1315 remedium
1186 1231 1385 1314 desidera·

342 1391 425 1474 tur,
441 1369 602 1453 variola
621 1395 788 1478 quoque
807 1369 1014 1452 censendae
1034 1389 1143 1452 sunt.
1200 1369 1253 1450 Et
1272 1369 1307 1450 si
1323 1395 1386 1452 re·

340 1491 527 1618 periatur
542 1505 763 1616 aliquando
782 1505 1143 1609 medicamentum,
1168 1505 1283 1616 quod
1302 1503 1384 1612 pri-

341 1647 470 1729 vatim
480 1643 609 1727 valeat
620 1641 811 1724 adversus
826 1641 930 1726 banc
945 1665 1113 1751 pestem,
1128 1665 1384 1751 posterorum

337 1783 405 1895 ¹uel
422 1779 614 1882 fortunae,
624 1779 688 1860 vel
701 1777 881 1888 ingenio,
899 1801 1110 1888 acceptum
1124 1778 1382 1862 referendum

340 1917 428 2020 erit.
486 1913 673 2032 Quidam
686 1915 869 1999 multum
883 1915 962 1998 sibi
974 1915 1142 2026 polliciti
1153 1937 1383 1999 suntaror·

340 2055 419 2140 tice
450 2051 697 2154 Peruviano‚·
714 2051 956 2156 antimonio,
988 2075 1060 2136 aut
1087 2075 1255 2162 argento
1273 2052 1379 2136 vivo.

339 2192 500 2274 Verum
517 2219 616 2274 usus
637 2187 780 2273 docuit
802 2187 875 2272 has
895 2217 982 2298 sper
1001 2189 1131 2274 misse.
1153 2191 1325 2294 fallaces,
1342 2211 1382 2273 et

340 2353 476 2410 vanas.
535 2325 821 2444 Quamobrem
835 2325 939 2431 ratio
957 2327 1088 2408 victus
1104 2347 1144 2410 et
1161 2326 1380 2410 curationis

340 2464 386 2548 in
399 2462 575 2568 variolis,
602 2461 715 2544 haud
732 2461 890 2544 diversa
907 2462 984 2545 erit
1012 2463 1064 2546 ab
1082 2462 1164 2564 illa,
1181 2489 1275 2572 quae
1293 2489 1382 2546 om·
1501 2571 1502 2580 Ν

340 2599 460 2682 nium
476 2595 657 2682 febrium
676 2599 1006 2694 communisset,
1049 2599 1163 2682 Mala
1176 2601 1382 2710 quaedarn,

337 2753 380 2819 et
396 2735 671 2837 incommoda,
696 2763 787 2844 quae
808 2735 981 2818 subinde
999 2735 1210 2837 accedunt,
1234 2735 1379 2820 iisdem
1478 2825 1485 2842 .

339 2873 497 2954 auxiliis
516 2871 684 2954 levanda
697 2893 806 2974 sunt,
820 2871 1378 2982 viresqueperindenutrien·
1496 2939 1497 2947 r

339 3009 415 3111 ‹1ae,
439 3035 484 3092 ac
503 3007 556 3090 in·
567 3008 652 3091 aliis
671 3007 856 3091 febribus
875 3007 1123 3092 ardentibus.
1180 3010 1290 3121 lllud
1307 3039 1376 3094 au·

200 3185 204 3192 ⁴
338 3165 422 3230 tem
443 3143 661 3228 admonere
689 3165 861 3254 oportet,
887 3145 1028 3228 alvum
1057 3145 1264 3230 astrictam
1291 3175 1375 3231 non

337 3307 420 3364 esse
433 3279 571 3363 minus
591 3280 779 3364 inutilem
798 3281 843 3362 in
861 3281 1071 3384 variolosa,
1091 3309 1220 3392 quam
1236 3283 1284 3366 in
1302 3283 1375 3366 alia
1490 3311 1491 3371 l

338 3419 481 3524 quavis
508 3415 645 3519 febre3
672 3440 915 3528 quanquam
946 3419 1148 3502 contraria
1180 3421 1374 3508 sententia

338 3551 438 3637 olim
456 3551 659 3686 vicerit,et
670 3553 747 3640 rix
766 3553 899 3642 adhuc
920 3555 1012 3641 satis
1031 3545 1190 3668 explosa
1208 3558 1273 3642 sir.
