3050 5084
773 429 877 531 sol

348 645 614 730 Ventriculus
649 643 776 726 modo
806 641 940 735 reddit
969 625 1111 725 cilium
1146 629 1345 745 crudum}

293 786 420 868 modo
435 785 655 866 humorem
670 785 835 882 salsum,
853 784 917 862 vel
932 783 1119 882 acidum3
1140 784 1344 864 interdum

294 923 487 1031 pituitam
497 958 508 1023 3
528 945 568 1002 et
587 944 680 1028 post
697 949 868 1028 magnos
889 941 1059 1002 conatus
1075 921 1167 1000 bilis
1183 951 1346 1029 quoque

164 1129 167 1137 .
294 1059 339 1142 in
360 1059 619 1141 stomachum
638 1061 829 1166 propulsa
849 1058 1042 1140 vomitur.
1081 1061 1228 1140 Nescio
1247 1059 1345 1166 quid
1383 1057 1387 1072 ’

280 1225 285 1240 ¹
293 1198 460 1307 pingue,
489 1219 529 1278 et
558 1197 604 1277 in
623 1197 717 1304 igne
737 1195 950 1276 flammam
971 1197 1216 1302 concipiens,
1244 1225 1345 1276 non-

294 1363 514 1444 nunquam
534 1355 625 1440 post
640 1333 782 1414 cibum
799 1333 929 1440 pergit
946 1335 998 1414 ad
1013 1334 1134 1414 breve
1150 1357 1345 1440 tempure

295 1473 522 1553 ventriculo
542 1471 586 1550 in
606 1500 650 1552 os
670 1471 893 1552 ascendere.
944 1473 1149 1552 Postremo
1171 1472 1346 1576 sanguis,
1382 1467 1407 1534 ·'
1485 1459 1486 1472 ¹

294 1610 359 1693 vel
377 1631 597 1691 cruentum
612 1609 782 1715 aliquid,
802 1639 826 1687 a
842 1609 1093 1715 quibusdam
1108 1609 1274 1716 rejectus
1291 1631 1348 1690 est
1398 1617 1404 1628 '

297 1745 484 1856 quotidie
504 1747 747 1854 permultos
767 1745 850 1828 dies
866 1781 877 1846 ;
898 1775 946 1827 ex
965 1775 1050 1854 quo
1069 1775 1219 1854 magna
1237 1745 1349 1828 debi-

293 1885 386 1968 litas
405 1907 541 1970 secuta
559 1905 629 1966 est.
688 1882 802 1964 Idem
820 1885 980 1996 malum-
999 1885 1044 1964 in
1062 1883 1148 1964 aliis
1168 1885 1291 1966 semel
1310 1907 1349 1966 et

293 2017 446 2103 iterum
465 2022 688 2130 quotannis
708 2023 916 2102 reversum
930 2043 990 2102 est
1008 2055 1019 2121 ;
1046 2044 1086 2102 et
1106 2050 1348 2130 quanquam

293 2139 479 2242 dolorem
496 2157 713 2241 ventriculi
732 2160 990 2265 aliquantum
1008 2157 1163 2260 levarit,
1192 2185 1349 2266 semper

293 2318 433 2378 tamen
453 2295 620 2402 signnm
639 2291 720 2377 fuit
736 2297 825 2376 vitii
840 2324 914 2377 net
934 2297 1045 2396 levis,
1073 2321 1148 2377 nec
1166 2297 1345 2404 periculo

293 2433 484 2515 vacantis.
543 2433 671 2540 Copia
704 2434 873 2533 cruoris,
902 2433 1033 2541 qualis
1053 2433 1228 2535 videtur,
1256 2438 1347 2542 plus

292 2592 473 2671 terreret,
502 2571 707 2678 siquidem
737 2593 848 2651 totus
867 2595 994 2677 purus
1023 2592 1148 2678 putus
1182 2572 1346 2678 sanguis

292 2731 407 2808 esset,
437 2703 510 2816 qui
529 2707 697 2790 fortasse
715 2709 860 2815 exigua
875 2709 1165 2826 tantummodo
1179 2737 1271 2816 pars
1287 2730 1347 2791 est

293 2843 379 2950 ejus
415 2844 529 2952 quod
560 2847 752 2925 vomitur.
812 2845 950 2952 Hujus
975 2846 1132 2952 generis
1153 2847 1348 2947 vomitus,

294 3009 421 3090 quem
449 2983 515 3062 alii
537 2984 758 3090 quotannis
777 2983 953 3064 subinde
968 2984 1119 3090 experti
1140 3005 1236 3065 sunt
1255 2985 1348 3064 diu-

281 3117 390 3220 stius,
418 3119 514 3201 alios
535 3121 642 3201 intra
661 3121 850 3201 triduum
869 3121 1042 3202 sustulit.
1100 3121 1283 3203 stercora
1302 3123 1346 3203 in

293 3255 358 3338 his
378 3257 492 3364 aegris
509 3259 571 3338 vel
591 3280 771 3360 cruenta,
802 3259 862 3339 vel
881 3282 967 3339 atra
985 3280 1092 3340 sunt.

350 3397 447 3476 Non
485 3395 605 3476 aliam
637 3394 759 3503 hujus
797 3425 914 3478 casus
947 3397 1200 3478 curationem
1233 3397 1345 3504 nori,

296 3559 425 3641 quam
464 3559 618 3638 quaea
656 3562 722 3614 me
761 3533 838 3614 alio
876 3534 982 3614 libro
1020 3507 1197 3640 exposita
1234 3533 1344 3615 est*.
1422 3581 1427 3590 ·

294 3805 599 3912 tranquillitate,
613 3827 653 3887 et
664 3803 1010 3913 refrigerantibus,
1028 3809 1213 3915 praeclare
1227 3807 1345 3888 intel-

211 4023 214 4032 ,
294 3941 372 4022 lexi
396 3969 444 4022 ex
475 3941 661 4048 quadam
681 3964 843 4049 agrum,
870 3945 915 4025 in
935 3973 1017 4052 qua
1036 3945 1100 4024 vel
1118 3944 1342 4024 minimum

294 4073 382 4158 vini
401 4101 601 4180 sumtum,
619 4080 683 4160 vel
701 4107 808 4186 aqua
827 4079 961 4188 tepida
972 4069 1169 4164 ⁴manibus
1185 4079 1357 4189 injecta,·

510 4243 534 4303 '⁰
553 4261 680 4326 uuae
694 4263 969 4356 transmisero.
984 4265 1013 4326 n
1027 4285 1078 4344 qu.
1092 4267 1121 4325 4.
1251 4268 1253 4276 ’
