3050 5084
811 453 915 564 370

342 687 440 744 cum
471 687 520 744 to
558 655 847 742 conflictantur
889 657 1049 766 saepius,
1091 685 1220 766 quam
1245 685 1383 744 mares.
1500 631 1501 646 ἱ

203 821 214 836 “
342 801 479 880 Noctu
502 798 702 906 praecipue
729 775 917 879 membra
945 799 1076 878 solent
1099 820 1270 904 torpere,
1296 801 1388 880 tum

342 935 440 1042 quia
454 961 525 1042 per
539 934 718 1042 quietem
733 933 887 1016 diutius
900 955 1068 1015 manent
1077 933 1123 1014 in
1137 935 1387 1033 sodomum,

342 1091 434 1152 tum
450 1071 548 1178 quia
562 1095 730 1152 somnus
744 1069 853 1152 favet
867 1071 1061 1152 omnibus
1072 1071 1151 1152 illis
1165 1071 1282 1154 malis
1296 1099 1387 1180 quat
1500 1135 1501 1140 a

342 1205 393 1290 ad
412 1235 557 1292 nervos
577 1208 791 1316 pertinent.
880 1259 884 1267 ·

217 1358 221 1364 '
357 1346 598 1454 ¹Torpores
612 1345 829 1426 familiares
844 1345 1391 1454 suntvelstudineconquas-

343 1503 438 1582 sata,
457 1505 497 1564 et
513 1481 606 1582 illis,
634 1481 709 1590 qui
736 1511 760 1564 a
787 1481 1021 1588 parentibus
1047 1483 1274 1591 paralyticis
1302 1483 1390 1565 nati

342 1642 449 1702 sunt
508 1615 638 1702 Modo
663 1641 971 1720 antecesserunt,
988 1619 1115 1700 modo
1137 1621 1264 1702 secuti
1291 1643 1390 1702 sunt

342 1759 542 1866 paralyses
561 1779 602 1838 et
621 1756 859 1864 apoplexias,
876 1755 1086 1838 interdum
1104 1785 1271 1865 quoque
1290 1784 1390 1840 cum

340 1893 404 1973 his
420 1893 542 1973 simul
556 1893 654 1974 facti
669 1915 790 1996 sunt3
809 1915 849 1998 et
861 1893 955 2001 jure
968 1917 1237 2004 numerantur
1248 1895 1294 1975 in
1308 1895 1390 2002 sig·

341 2029 404 2111 nis
417 2029 568 2110 horum
578 2031 833 2112 morborum.
851 2031 1029 2111 Cumulo
1041 2032 1244 2111 malorum
1255 2030 1389 2142 hypo-

340 2166 679 2248 chondriacorum
709 2189 749 2250 et
777 2167 1073 2276 hystericarum
1091 2171 1215 2274 vulgo
1235 2171 1389 2252 accedit

340 2326 507 2387 artuum
526 2325 680 2412 torpor,
709 2304 783 2412 qui
801 2325 841 2386 et
866 2304 910 2384 in
925 2303 1016 2414 bis,
1043 2328 1083 2387 et
1109 2306 1155 2384 in
1182 2307 1268 2388 aliis
1297 2333 1389 2414 per-

339 2439 489 2523 mansit
501 2467 586 2522 non
601 2443 735 2522 solum
749 2443 899 2522 multos
913 2469 1082 2541 menses,
1097 2441 1303 2523 sedetiam
1314 2471 1388 2524 an-

339 2607 414 2660 nos
433 2607 520 2660 nou
538 2605 700 2686 paucos,
718 2601 757 2659 et
776 2579 943 2660 tandem
962 2575 1084 2658 illaesa
1096 2580 1326 2662 valetudine
1348 2609 1388 2662 se
1500 2579 1501 2594 '

339 2716 547 2800 subduxit.
605 2715 774 2797 Sinistra
799 2743 889 2822 pars
918 2715 1098 2822 corporis
1126 2718 1171 2796 in
1200 2717 1384 2824 quodam

341 2853 497 2968 torpuit
517 2852 703 2960 quinque
722 2875 762 2934 et
777 2851 923 2958 viginti
938 2879 1076 2932 annos.

398 2991 603 3104 Quanam
618 2989 669 3072 sit
683 3010 841 3090 natura,
859 3011 899 3070 et
914 2989 1043 3096 qualis
1055 2987 1221 3071 futurus
1236 2990 1289 3078 sit
1301 2991 1388 3074 exi-
1500 3035 1501 3040 Ν

340 3149 406 3207 tus
436 3127 625 3234 torporis,
653 3127 805 3232 optime
824 3126 1063 3232 intelligitur
1080 3153 1129 3208 ex
1147 3127 1233 3233 ejus
1251 3129 1382 3210 sociis.

340 3263 383 3344 Si
397 3261 509 3344 enirn
523 3291 620 3344 cum
632 3263 716 3374 aliis
732 3262 848 3344 malis
864 3263 1097 3373 paralyticis
1109 3266 1326 3368 accesserit,
1344 3287 1384 3350 et

341 3427 426 3494 non
437 3399 625 3504 exiguam
638 3400 814 3506 corporis
826 3421 983 3506 partem
994 3400 1261 3508 stupefecerit,
1271 3402 1386 3486 max·

204 3647 206 3662 ‚
311 3641 312 3644 y
339 3535 422 3615 ime
445 3535 557 3616 iniis
577 3536 651 3643 qui
670 3537 903 3642 parentibus
923 3538 1008 3618 nati
1027 3561 1124 3620 sunt
1141 3533 1385 3649 paralyticis,

340 3672 479 3754 subest
496 3675 639 3778 procul
656 3673 784 3754 dubio
814 3669 1053 3780 periculum,
1079 3697 1120 3794 et
1147 3677 1198 3758 ad
1226 3679 1385 3788 paraly-

340 3837 425 3890 seos
438 3809 621 3916 praesidia
634 3810 845 3891 sinemora
859 3809 1182 3917 confugiendum
1195 3835 1266 3898 est.
1296 3817 1382 3898 Ubi

340 3967 478 4030 autern
504 3945 679 4027 minima
707 3946 896 4054 quadam
923 3973 1013 4054 pars
1041 3944 1213 4052 laboret,
1250 3973 1291 4036 et
1318 3955 1381 4038 vel

340 4081 452 4162 nulla
466 4081 542 4162 alia
555 4083 662 4163 mala
681 4083 774 4184 sint,
793 4083 857 4166 vel
873 4105 1112 4187 ete-tantum,
1140 4099 1232 4195 quae
1250 4090 1381 4200 hypo·

339 4217 679 4328 chondriacorum
698 4241 738 4302 et
755 4217 1051 4330 bysso-sicarum
1069 4225 1232 4332 propria
1259 4243 1379 4330 sunt}

339 4355 603 4465 praestabilius
614 4357 690 4442 erit
699 4357 901 4468 negligere
913 4358 1026 4444 bunc
1036 4359 1240 4468 affectum,
1253 4393 1380 4476 quam
