2990 5078
652 493 714 604 71

586 827 695 910 ΟΜ».
719 831 783 912 14.

452 1009 521 1094 De
540 1015 662 1124 Aqua
682 1013 908 1099 Brittolica.

215 1201 353 1296 Aaou
392 1195 600 1280 Bristolica
635 1227 788 1282 nomen
824 1201 1004 1286 obtinuit
1040 1206 1196 1292 eximia

161 1334 362 1442 puritatis,
389 1356 429 1418 et
454 1333 626 1418 habetur
656 1338 701 1418 in
730 1365 903 1420 numero
930 1339 1198 1430 celebriorum

162 1471 438 1552 remediorum
465 1473 518 1552 ad
537 1471 732 1578 phthisin,
759 1475 870 1554 etad
891 1475 989 1556 alios
1017 1479 1194 1562 morbos.

160 1604 238 1692 Sed
258 1635 394 1710 nemu,
418 1609 576 1716 opinor,
606 1592 782 1716 quinon
810 1609 953 1718 hospes
973 1611 1024 1695 eit
1041 1613 1086 1694 in
1104 1616 1196 1698 che-

159 1745 367 1828 micotum
403 1745 561 1848 scholis,
597 1743 784 1828 defendet
819 1745 1036 1854 puritatem
1072 1751 1196 1859 hujus

159 1911 297 1992 tquae;
325 1905 365 1964 et
379 1882 512 1964 nuncio
527 1911 579 1964 an
593 1881 725 1964 multo
744 1884 897 1990 potiore
909 1885 1003 1992 jure
1018 1889 1196 1972 vindica-

159 2019 220 2103 bit
239 2019 319 2102 nibi
337 2017 491 2102 famam
505 2019 694 2102 medendi
713 2002 879 2127 phthisi,
889 2023 952 2102 vel
971 2022 1037 2106 alii
1048 2025 1195 2110 morbo

158 2155 404 2266 cuicunque.

581 2627 687 2710 Cn.
711 2630 775 2710 15.

408 2853 410 2866 ·
497 2819 561 2920 De
581 2815 855 2902 Bronctocele.

208 3005 280 3085 Tu
287 3025 386 3085 uun
406 3001 607 3108 glandulae
624 2999 845 3110 thyttiideae
859 2999 1049 3110 frequent
1067 3025 1127 3090 ett
1144 3009 1189 3088 in

154 3139 407 3248 quibusdam
435 3137 652 3220 Britanniae
678 3137 859 3243 partibus
866 3172 878 3236 ;
906 3139 1190 3246 utaliquando

152 3297 326 3384 occupat
342 3275 495 3381 eosqui
512 3275 590 3354 alia
601 3301 767 3381 quoque
778 3274 863 3354 loca
875 3271 1069 3358 habitant.
1100 3278 1189 3360 Foe-

153 3411 291 3512 minu,
313 3411 488 3492 maxime
501 3411 697 3518 juniores,
715 3409 811 3491 huic
826 3411 972 3490 morbo
990 3411 1189 3520 praecipue

154 3571 252 3632 tunt
265 3569 516 3655 opportune.
547 3547 738 3655 Ejusdem
753 3547 907 3652 generis
920 3573 1001 3628 etse
1017 3549 1190 3651 videtur,

151 3713 197 3770 ac
208 3685 421 3772 tumidum
439 3705 583 3792 guttur
599 3683 846 3788 inAlpibus;
875 3684 988 3790 quod
1001 3691 1188 3792 quamvis

151 3825 284 3912 multa
293 3821 437 3905 taecnln
447 3819 643 3902 familiare
654 3818 736 3900 fuit
745 3847 885 3902 earum
897 3821 1112 3925 regionum
1125 3823 1189 3906 in·

153 3960 264 4058 colit,
283 3957 472 4044 nondum
498 3979 633 4040 tamen
652 3979 907 4063 compertum
926 3979 984 4038 est
1003 3961 1066 4041 vel
1095 3959 1187 4041 vitae

153 4097 381 4206 periculum
400 4069 609 4194 intentare,
636 4093 699 4176 vel
714 4093 987 4174 valetudinem
1006 4097 1187 4176 multum

153 4233 400 4337 perturbare,
427 4230 490 4312 vel
508 4231 641 4312 ullum
663 4229 833 4312 omnino
850 4229 1007 4310 malum
1025 4227 1187 4332 inferre,

151 4393 292 4476 praetet
311 4353 622 4452 deformitatem.
649 4365 751 4448 Vidi
769 4387 906 4450 tamen
923 4365 1093 4476 aliquot,
1112 4367 1187 4476 qui
