3050 5084
680 403 785 520 417
920 477 923 484 ·

20 645 35 720 33
164 659 170 675 ·
206 614 371 719 recidat,
402 616 552 725 patum
579 637 718 700 tameo
736 615 782 696 in
800 615 928 724 ipsius
943 613 1040 700 artis
1058 617 1260 702 conditio-

206 779 304 836 nem
329 753 407 836 erit
434 752 661 870 rejicienda.
717 757 854 836 Nemo
869 775 1025 837 natura
1049 755 1258 840 stncliosus

206 891 334 974 nescit
344 891 390 972 in
402 893 566 1001 quantis
578 891 755 975 tenebris
765 887 889 974 etiam
902 887 1172 1001 brutaehujus
1185 895 1258 977 tel·

205 1031 308 1112 luris
319 1034 484 1116 scientia
489 1034 633 1142 jaceat,
652 1057 691 1118 et
707 1057 834 1142 quam
848 1056 996 1142 parum
1010 1033 1146 1118 adbuc
1163 1061 1258 1146 pro-

204 1170 420 1254 fecerimus
449 1171 495 1253 in
513 1171 744 1280 cognitione
760 1188 901 1256 rerum
924 1169 1259 1256 inanimatamm.

26 1384 34 1400 ,,
147 1403 151 1412 ,
206 1311 264 1390 At
278 1337 374 1390 vero
393 1309 438 1392 in
463 1310 641 1418 corporis
660 1309 834 1394 humani
852 1294 1030 1412 scientia,
1058 1333 1099 1392 et
1116 1307 1259 1394 eadem
1302 1359 1303 1364 Ν

207 1447 361 1548 omnia,
388 1469 428 1529 et
457 1450 588 1532 multa
616 1469 819 1556 praterea,
845 1469 937 1556 quae
958 1465 1054 1530 sunt
1072 1447 1259 1532 animan-

209 1585 316 1667 tium
330 1586 506 1694 propria,
524 1615 599 1669 nos
614 1587 749 1669 latent
785 1586 948 1668 Etenim
960 1587 1139 1694 corporis
1150 1588 1256 1696 leges
1347 1607 1350 1614 ’

198 1703 307 1806 'sunt
325 1725 458 1808 multo
476 1725 624 1832 plures,
641 1747 682 1806 et
699 1725 819 1832 longe
837 1723 938 1824 alia,
957 1751 1084 1832 quam
1103 1705 1258 1832 quibus

210 1889 272 1986 res
291 1861 523 1944 inanimata
540 1861 839 1971 subjiciuntur3
859 1888 992 1970 neque
1003 1847 1153 1944 harum
1170 1891 1259 1944 mo-

205 2002 302 2102 dus,
320 2022 360 2084 et
371 2001 635 2103 conditiones,
653 2000 707 2093 ad
717 1999 891 2082 actiones
904 2001 1042 2106 uitales
1057 2001 1258 2109 explicata·
1328 2098 1330 2102 .
1442 2047 1446 2054 ·

208 2137 281 2220 das
297 2135 518 2240 sufficiunt,
537 2160 608 2220 aut
626 2135 677 2220 ad
691 2138 914 2220 animantia
928 2160 1032 2220 recte
1047 2117 1256 2222 transferri

209 2298 391 2384 possunt.
435 2276 720 2389 Quamobrem
734 2303 872 2376 usum,
890 2275 1056 2358 tardum
1070 2305 1165 2358 sane
1179 2277 1257 2358 du-

209 2443 312 2516 cem,
339 2413 422 2496 fere
446 2415 579 2500 solum
593 2413 684 2526 ¹huc
706 2442 837 2522 usque
856 2435 989 2496 secuta
1008 2435 1068 2498 est
1086 2443 1149 2524 ars
1168 2443 1254 2498 me·

210 2550 384 2654 dendi*;
402 2573 442 2634 et
460 2551 573 2634 nulla
585 2551 756 2644 illustria
768 2552 1016 2636 incrementa
1031 2579 1079 2634 ex
1098 2551 1255 2636 ratione
1377 2624 1380 2641 ,

129 2740 132 2749 ·
210 2691 275 2773 rel
303 2691 421 2798 cepit,
449 2691 513 2774 vel
542 2711 708 2797 captura
736 2711 808 2804 est,
835 2689 963 2772 donec
982 2689 1167 2783 humano
1184 2719 1253 2797 ge-

211 2827 301 2910 neri
319 2857 342 2910 a
367 2831 455 2922 Deo
474 2825 695 2909 immortali
719 2825 898 2908 tributus
917 2823 1043 2907 fuerit
1060 2826 1137 2928 vir,
1165 2827 1254 2934 qui,
1273 2931 1276 2942 Ι

206 2942 565 3076 ¹quemadmodum
582 2939 805 3047 Newtonus
822 2961 1057 3065 inanimata,
1090 2962 1147 3046 sic
1165 2963 1254 3046 aui-

211 3103 367 3190 mantia
396 3101 721 3210 contemplando,
748 3099 995 3209 principium
1023 3099 1128 3182 illud
1159 3100 1252 3185 vitae

212 3243 384 3350 detegat,
411 3269 436 3322 a
468 3268 554 3350 quo
585 3265 726 3324 omnes
744 3237 944 3321 naturales
962 3236 1136 3320 actiones
1155 3264 1254 3346 pen-

210 3381 323 3483 dent,
351 3401 391 3466 et
409 3379 700 3486 gubernantur.

267 3517 603 3626 operaepretium
619 3513 761 3598 fuisset
778 3509 1121 3620 comparationem
1138 3511 1255 3596 insti·

212 3678 325 3740 tuere
336 3656 441 3736 inter
451 3653 526 3737 hos
543 3627 867 3751 commentarios,
891 3669 930 3732 et
947 3677 994 3732 ea
1011 3676 1103 3765 quae
1121 3649 1166 3730 in
1181 3647 1253 3732 ali-

215 3821 338 3876 orum
355 3791 611 3874 medicorum
625 3789 738 3892 libris
756 3787 1039 3890 continentum
1065 3811 1104 3870 ct
1119 3787 1251 3870 sicubi

212 3927 413 4014 discordia
430 3949 544 4031 esset,
570 3928 621 4010 de
653 3955 699 4010 ea
723 3917 895 4034 ¹aliquod
916 3923 1019 4008 ferre
1031 3922 1250 4034 judicium.

249 4175 269 4216 a
290 4177 416 4251 Ευριφων
431 4167 443 4230 i
456 4185 548 4250 ιατρος
562 4163 758 4247 tomitanos
772 4161 952 4234 διδασκαλον,
971 4164 1038 4244 παρ’
1058 4157 1082 4244 ni
1101 4157 1255 4237 norsum
1373 4189 1375 4194 ’

205 4293 286 4360 rapa
297 4293 339 4362 τῳ
352 4293 458 4359 motu,
468 4289 530 4356 trt-
571 4271 676 4337 sulces·
689 4269 785 4351 eclog.
801 4269 887 4350 Phys.
899 4269 949 4331 lib.
962 4269 980 4330 i.
993 4286 1057 4348 pag.
1074 4279 1120 4344 19.
