3002 5086
744 495 860 600 =16a
931 555 936 579 π

286 712 562 821 meoiudicio,
580 733 715 796 cortex
733 709 979 793 Peruvianus
999 709 1122 794 nimis
1143 712 1223 794 cito
1244 714 1339 800 dari

287 879 373 933 non
390 855 535 964 potest,
562 845 686 930 modo
707 847 964 930 stomachum
984 874 1069 930 non
1082 873 1233 956 gravet.

711 1195 820 1274 Car.
841 1197 908 1276 39.

600 1379 669 1461 De
688 1381 811 1462 reare
830 1379 1016 1462 Hecticu.

344 1545 502 1626 Fnsrrs
532 1540 694 1623 hecticae
723 1541 877 1622 mentio
905 1569 1008 1649 sape
1030 1537 1078 1622 fit
1096 1537 1142 1622 in
1155 1541 1336 1626 medico-

288 1679 525 1776 rumribris,
536 1707 675 1786 neque
690 1705 780 1760 raro
795 1678 917 1760 etiam
935 1679 980 1760 in
999 1706 1182 1762 sermone
1197 1682 1338 1790 quoti·

287 1815 429 1898 diano:
449 1838 587 1897 tamen
605 1815 717 1896 haud
731 1813 846 1897 facile
861 1815 1114 1928 inveniemus
1129 1843 1218 1898 eam
1233 1817 1337 1899 adeo

287 1953 403 2036 certis
416 1953 542 2060 signis
552 1953 806 2060 descriptam,
820 1975 867 2033 ut
879 1951 1142 2034 manifestum
1153 1953 1218 2054 sit,
1230 1953 1335 2062 quid

149 2177 155 2186 ,
288 2089 393 2172 inter
404 2089 516 2170 hanc
535 2111 576 2170 et
589 2089 684 2170 alias
702 2087 833 2172 febres
853 2089 1023 2190 intersit,
1050 2111 1181 2196 utque
1196 2089 1333 2172 omnis

287 2225 339 2307 de
353 2225 437 2333 ejus
452 2247 597 2308 natura
611 2225 814 2308 dubitatio
828 2228 1003 2308 tollatur.
1033 2225 1143 2308 Mihi
1158 2227 1333 2308 nonalia
1365 2251 1369 2259 ·

215 2362 227 2382 “
287 2391 370 2446 esse
389 2363 563 2463 videtur,
591 2391 718 2470 quam
736 2391 828 2470 quae
845 2363 995 2444 dicitur
1009 2362 1334 2472 symptomatica,

287 2499 351 2581 vel
365 2499 593 2584 inordinate
613 2499 899 2601 intermittens,
917 2500 981 2580 vel
993 2499 1118 2580 febris
1134 2525 1332 2607 suppura-

215 2619 218 2628 ’
285 2635 417 2718 tionis.
478 2637 590 2720 Facie
609 2665 680 2718 sua
702 2665 803 2744 saepe
822 2637 1005 2744 proxime
1024 2635 1174 2718 accedit
1193 2637 1245 2718 ad
1264 2663 1331 2718 ve-

285 2799 373 2855 ram
385 2773 737 2876 intermittentem3
757 2803 877 2884 aqua
889 2797 1025 2856 tamen
1040 2775 1159 2881 longe
1172 2773 1330 2858 diverse

284 2931 358 3012 est,
384 2911 586 3020 aliamque
612 2939 775 3020 prorsus
804 2912 1056 2996 curationem
1075 2911 1263 3018 postulat,
1289 2931 1329 2994 et

283 3048 416 3130 multo
432 3049 679 3156 praesentiori
698 3049 876 3156 periculo
895 3047 1097 3155 objicitur.

335 3188 390 3290 ‚In
417 3185 530 3270 febre
558 3187 849 3270 intermittente
867 3185 1106 3268 accessiones
1127 3206 1224 3268 sunt
1242 3186 1329 3268 lon·

283 3319 429 3427 giores,
455 3344 548 3404 tum
575 3323 652 3404 tria
670 3323 739 3404 illa
756 3345 938 3430 tempora
955 3321 1147 3424 horroris,
1174 3322 1329 3424 caloris,

282 3457 517 3560 etsudoris,
543 3459 767 3542 accuratius
787 3457 1054 3560 definiuntur,
1081 3458 1180 3540 etin
1196 3459 1330 3541 deces-

285 3593 468 3676 sionibus
482 3595 606 3684 febris
618 3624 667 3678 ex
682 3619 768 3678 toto
782 3595 1024 3678 intermittit.
1065 3595 1225 3676 Verum
1239 3593 1330 3676 hec·

284 3727 364 3812 tica
391 3757 608 3839 nunquam
636 3733 736 3816 adeo
755 3732 939 3831 remittit,
968 3726 1071 3839 quin
1091 3731 1330 3814 arteriarum

282 3887 421 3950 motus
446 3869 683 3970 concitetur,
708 3869 847 3950 decem
874 3869 1098 3950 minimum
1116 3868 1266 3950 ictibus
1284 3868 1330 3950 in

280 4005 527 4111 sexagesima
554 4006 662 4087 horae
691 4029 802 4112 parte
836 4033 1026 4112 superans
1056 4006 1231 4086 modum
1259 4034 1330 4088 na·

283 4143 466 4224 turalem.
526 4144 648 4222 Porro
681 4141 835 4224 hectica
872 4169 964 4222 raro
997 4141 1061 4224 sui
1094 4141 1238 4224 similis
1272 4163 1330 4230 est

276 4305 354 4384 per
383 4300 462 4360 tres
491 4277 759 4378 accessiones;
787 4307 933 4362 verum
962 4279 1108 4360 horror
1135 4301 1177 4362 et
1197 4279 1326 4388 frigus

283 4415 409 4496 modo
426 4413 683 4522 excipiuntur
703 4415 845 4518 calore,
864 4415 990 4498 modo
1009 4415 1156 4500 sudore
1167 4415 1254 4500 sine
1265 4442 1328 4498 ca·
