2990 5078
797 466 894 562 108

315 669 582 780 pruriginem,
611 699 707 778 quae
738 672 824 754 sine
852 672 1024 784 pustulis
1043 668 1105 774 fit,
1130 675 1352 782 minuunt3

313 823 355 892 et
379 829 567 916 praeterea
594 835 782 916 squamas
799 811 903 892 cutis
931 811 1213 896 semimortuas
1241 815 1353 901 dete-

314 967 426 1046 runt,
439 967 480 1028 et
494 945 669 1028 nitorem
682 946 766 1053 ejus
782 946 970 1030 reddunt.
1018 949 1185 1033 Jusmm
1198 949 1352 1036 horum

313 1082 367 1162 ad
397 1109 548 1190 aquam
577 1082 735 1188 pondus
773 1084 986 1168 ostendent
1011 1085 1131 1168 ardor
1163 1109 1204 1168 et
1232 1089 1352 1170 dolor

314 1247 440 1328 quem
455 1221 650 1301 excitant:
680 1219 754 1328 qui
765 1220 795 1302 si
813 1249 899 1302 non
913 1221 995 1302 sint
1008 1221 1232 1324 immodici,
1247 1225 1352 1310 illud

150 1407 162 1418 -
311 1383 399 1438 noo
425 1357 502 1438 erit
519 1355 723 1442 nimium..
766 1358 834 1444 Ad
861 1357 966 1440 hanc
994 1359 1193 1442 rationem
1220 1361 1350 1444 confi-

312 1493 454 1576 cienda
482 1515 580 1574 suot
611 1493 751 1574 omnia
783 1495 1075 1579 medicamenta
1109 1498 1227 1598 acria,
1256 1527 1348 1608 quae

311 1626 398 1712 cuti
416 1629 696 1743 admoventur.

173 1867 176 1879 Ι
366 1745 664 1850 Medicamenta
697 1789 748 1847 'ex
784 1765 1053 1878 hydrargyro,
1084 1775 1226 1876 prae'ter
1258 1800 1349 1856 acre

309 1903 426 2003 illud,
444 1902 558 2010 quod
570 1902 742 1986 chemici
760 1903 968 2009 adjiciunt,
986 1907 1148 2013 propria
1165 1909 1347 2014 quadam

310 2041 354 2120 vi
375 2041 525 2146 pollent
550 2041 705 2122 morbis
729 2041 833 2122 cutis
856 2042 1057 2126 medendi.
1113 2046 1346 2151 Argentum

199 2171 237 2288 J
308 2177 467 2278 rivum,
476 2205 547 2284 per
561 2205 601 2258 se
615 2177 869 2258 lenissimum
879 2200 1003 2279 tactu,
1013 2181 1236 2266 contritum
1247 2209 1345 2268 cum

310 2315 427 2422 adipe
444 2314 572 2395 donec
591 2307 780 2422 apparere
796 2315 963 2416 desinat,
980 2315 1125 2398 deinde
1143 2319 1344 2425 unguens

308 2453 373 2536 rel
390 2451 594 2558 emplastri
611 2452 735 2532 modo
753 2451 1005 2559 impositum,
1030 2453 1178 2534 auxilio
1196 2477 1256 2536 eet
1274 2455 1344 2542 ad.
1481 2451 1482 2495 ³

308 2615 446 2670 versus
457 2589 587 2670 multa
595 2589 851 2694 pustularum
862 2613 1017 2694 genera.
1045 2588 1343 2680 Medicamenta

307 2723 486 2808 chemio'a
507 2751 563 2806 ex,
579 2723 723 2806 eodem
739 2722 920 2806 confecta
944 2723 1031 2808 vim
1052 2723 1204 2808 habent
1221 2749 1341 2812 nato·

308 2863 381 2948 reli
405 2862 610 2969 majorem.
669 2865 836 2946 Horum
853 2862 1197 2970 elegantissimum
1218 2864 1340 2948 simul

229 3047 231 3050 ·
305 3029 352 3084 ac
369 2999 689 3086 valentissimum
707 3023 767 3080 est
781 2999 1057 3108 hydrargyrus
1076 3000 1276 3086 moriatur
1294 3001 1339 3086 io

167 3229 170 3234 ,
306 3167 425 3246 aqua,
438 3138 502 3219 vel
521 3135 666 3244 spiritu
676 3135 775 3236 vini,
790 3135 1006 3216 dissolutus
1020 3169 1040 3234 3'
1051 3137 1125 3243 qui
1138 3137 1263 3220 etiam
1273 3165 1338 3221 co·

304 3277 388 3358 lore
405 3295 445 3362 et
462 3274 585 3356 odore
603 3271 717 3354 omni
736 3292 860 3353 vacat
903 3273 963 3354 Ex
982 3273 1146 3380 reliquis
1164 3273 1338 3368 medica-

303 3410 450 3493 mentis
470 3409 787 3508 mercurialibus,
807 3437 898 3516 quas
911 3408 957 3492 in
970 3437 1090 3517 aqua,
1108 3433 1178 3496 aut
1192 3411 1338 3517 spiritu

304 3547 394 3628 vini
410 3547 574 3629 dissolvi
603 3573 689 3632 non
714 3569 897 3653 possunt,
926 3543 1034 3638 fiunt
1060 3569 1272 3653 unguenta
1298 3569 1338 3638 et

302 3684 536 3790 emplastra:
566 3683 722 3790 semper
751 3709 847 3762 vero
882 3704 1039 3789 oportet
1071 3709 1221 3781 cavere,
1251 3711 1337 3776 nort
1411 3739 1413 3746 ‹

303 3821 437 3903 solum
448 3839 499 3902 ne
510 3820 691 3902 dolorem
700 3819 879 3900 nimium
890 3815 1336 3928 inflammationemque

301 3971 505 4058 mo've'ant,
523 3957 593 4038 sed
611 3957 732 4038 etiam
751 3955 952 4038 neisaiivae
970 3983 1138 4038 cursum
1151 3956 1336 4052 excitent,

263 4120 269 4128 ·
301 4123 392 4205 quae
412 4095 471 4178 vis
500 4117 559 4175 est
587 4093 742 4200 argenti
770 4093 854 4176 vivi
882 4092 1057 4200 propria,
1087 4119 1335 4200 quocunque

300 4233 424 4314 modo
443 4231 691 4313 adhibeatur.
722 4229 982 4339 Hydrargyri
1001 4229 1167 4320 muriati
1191 4229 1334 4324 drach,

298 4395 367 4461 ma
385 4397 436 4458 ex
453 4395 567 4483 aqua
586 4369 689 4466 libra
715 4367 864 4480 liquati
881 4367 1012 4460 debet
1043 4411 1049 4424 ·
1072 4367 1204 4482 Quod
1228 4367 1263 4460 si
1278 4367 1332 4464 ti·-
