2990 5078
787 445 886 550 106

310 658 373 747 vel
384 661 554 764 sulfure,
573 661 743 770 aliisque
759 660 1022 768 simplicibus.
1081 665 1221 769 Itaque
1239 673 1352 772 aqua

306 803 478 902 marius,
505 821 545 882 et
562 795 694 879 fontes
719 798 921 897 medicati,
940 798 1027 878 vim
1049 797 1202 882 habent
1219 802 1355 906 majo·

308 965 410 1039 rem,
428 963 556 1046 quom
569 960 675 1042 aqua
690 961 802 1042 pura.
861 934 1161 1018 Medicamenta
1174 965 1196 1018 e
1210 937 1353 1042 plum-

307 1065 378 1176 bo,
396 1073 636 1183 quanquam
654 1071 824 1156 minime
842 1070 948 1154 acria
966 1071 1061 1169 sint,
1080 1095 1219 1154 tumen
1232 1073 1351 1180 prin·

308 1212 440 1318 cipem
459 1211 596 1291 locum
624 1229 763 1290 tenent
785 1208 891 1290 inter
917 1235 964 1288 ea
983 1235 1073 1314 quae
1100 1209 1352 1292 extrinsecus

308 1347 554 1428 adhibentur
559 1379 570 1444 ;
585 1344 710 1452 idque
717 1371 803 1429 non
814 1343 948 1424 solum
958 1343 1148 1426 adversus
1158 1347 1354 1448 calorem,

305 1503 346 1566 et
359 1481 553 1581 dolorem,
572 1479 777 1562 sedetiam
791 1480 865 1562 ubi
877 1481 1165 1568 tautummodo
1174 1481 1351 1589 prurigo

305 1639 375 1702 est
432 1619 567 1726 Aqua,
580 1638 854 1733 unguentum,
868 1637 938 1697 aut
948 1617 1227 1723 emplastrum,
1245 1645 1350 1725 quae

218 1777 221 1784 ·
304 1749 458 1842 habent
476 1753 761 1862 lithargyrum,
779 1774 850 1841 aut
867 1779 1083 1853 cerussam,
1101 1781 1198 1836 cum
1216 1777 1351 1852 aceto,

303 1892 350 1978 io
363 1891 603 2000 quotidiano
613 1917 693 1974 usu
709 1911 825 1989 sunt3
853 1911 1123 1998 sequentum
1133 1889 1268 1973 adhuc
1279 1891 1352 1974 di·

305 2029 400 2127 dici,
413 2051 525 2134 pares
540 2045 637 2110 sunt
655 2053 799 2118 eorum
812 2025 928 2108 vires.
957 2028 1234 2133 Unguentum
1242 2026 1354 2134 picis
1383 2101 1386 2108 .

305 2163 468 2273 prodeat
485 2163 607 2244 etiam
625 2189 710 2246 noo
725 2163 850 2244 modo
869 2164 921 2244 ad
938 2164 1028 2244 illos
1052 2163 1156 2246 cutis
1174 2165 1351 2248 morbos

306 2301 555 2408 quibuscum
564 2301 810 2409 prurigoest‚
821 2299 1105 2384 sedetiamubi
1116 2299 1234 2388 rimae
1243 2324 1351 2386 sunt

303 2459 344 2520 et
362 2436 683 2536 exulcerationes,
710 2461 807 2518 nam
826 2437 1066 2543 plerumque
1085 2437 1250 2524 nullum
1267 2435 1352 2518 do-

303 2576 432 2656 loram
441 2571 603 2672 excitat3
632 2572 839 2658 nonnullis
850 2593 987 2654 tamen
1001 2572 1125 2659 nimis
1138 2572 1346 2660 exsiccans

302 2711 439 2792 visum
452 2699 524 2808 est,
541 2733 626 2792 non
639 2710 726 2790 sine
742 2709 880 2818 aliquo
894 2708 1044 2789 doloris
1059 2735 1189 2800 sensu.
1246 2708 1345 2794 sul.

300 2845 553 2954 ferquidem
567 2847 755 2928 adversus
768 2871 903 2932 unum
914 2843 1018 2928 cutis
1033 2847 1229 2929 morbum
1242 2873 1343 2952 prm

137 3079 140 3086 Δ
301 2983 388 3096 prie
406 2985 522 3083 valet,
550 2980 722 3090 ideoque
750 2983 795 3062 in
814 2981 999 3089 plurimis
1025 2982 1126 3084 eliis,
1155 3011 1251 3070 cum
1270 3011 1344 3066 ex-

299 3122 509 3238 tripsecus,
520 3142 612 3208 tum
622 3121 747 3220 intus,
760 3141 962 3200 tentatum
973 3139 1048 3202 est:
1078 3147 1164 3228 quo
1174 3143 1343 3224 eventu,

299 3257 475 3342 viderint
493 3256 582 3338 alii:
611 3255 716 3342 mihi
728 3278 846 3355 certe,
864 3277 1134 3372 praeterquam
1147 3257 1192 3340 in
1206 3285 1343 3364 prom,

298 3419 445 3500 parum
463 3393 679 3502 respondit.
735 3393 898 3474 Semina
915 3393 1126 3500 suphidos·
1139 3395 1273 3504 agria,
1296 3419 1342 3480 et
1493 3465 1494 3520 ;

298 3530 413 3612 radix
441 3529 633 3612 hellebori
650 3528 746 3630 albi,
773 3530 994 3636 suntjacria
1016 3529 1242 3614 admodum
1254 3565 1266 3632 3
1295 3553 1342 3619 et

298 3667 524 3748 'videndum
547 3689 606 3749 est
622 3689 671 3748 ut
696 3691 841 3748 eorum
859 3668 1007 3750 modus
1034 3669 1338 3754 sceleratissime

297 3803 527 3904 definiatur,
545 3803 578 3885 si
598 3805 764 3911 quando
778 3804 888 3884 intus
906 3804 1081 3906 deutur3
1110 3803 1225 3914 quod
1239 3833 1338 3912 pm-

295 3940 391 4023 inde
406 3939 766 4022 rarofactumfuit.
809 3942 968 4022 Tamen
980 3939 1124 4022 radicis
1138 3940 1338 4026 hellebori

295 4077 377 4160 albi
391 4103 568 4182 greum
579 4101 713 4158 unum
725 4078 1016 4161 tutosumirur.
1047 4065 1210 4185 Stsphis
1220 4078 1336 4184 agria

293 4239 390 4294 vero
402 4241 455 4295 an
469 4213 688 4320 impuneet
702 4213 854 4294 utilloer
870 4213 978 4294 sumi
990 4213 1128 4322 possit,
1142 4214 1333 4306 nondum

292 4331 428 4442 didici.
478 4351 652 4465 Quaeex
671 4351 876 4442 helleboro
889 4352 983 4440 albo
997 4335 1331 4456 fiumsiexeis.
