3016 5076
118 688 186 800 qui
194 681 281 772 fieri
290 683 430 795 possit,
441 699 635 770 excutere.
658 685 758 800 Quo
765 685 894 794 magis·
905 684 1154 796 indulgetur,

116 824 322 910 eodiutius
334 821 515 932 podagra
525 843 663 906 manet
671 806 686 923 ς’
700 821 814 930 quod
823 823 937 930 aegris
947 851 1049 932 saepe
1062 826 1154 933 qui-

117 965 203 1045 dem
215 963 262 1044 in
276 961 380 1044 votis
396 981 480 1060 est;
500 958 754 1067 quodetiam
768 939 1071 1044 medicamentis
1084 989 1155 1046 cu-

117 1100 229 1212 piunt
255 1093 422 1180 efficere.
485 1099 643 1204 Nempe
672 1097 717 1178 in
747 1123 794 1180 ea
824 1117 921 1182 sunt
951 1098 1156 1206 opinione,

117 1235 323 1320 materiam
334 1233 642 1318 arthriticamin
655 1233 907 1342 quibusdam
918 1237 1155 1342 corporibus

118 1373 236 1480 gigni,
254 1393 298 1456 et
312 1371 441 1454 indies
457 1371 706 1472 coacervari3
726 1371 793 1454 cui
807 1371 887 1452 nisi
901 1370 1038 1454 debito
1053 1394 1157 1456 tem·

118 1535 206 1618 pore
223 1507 355 1592 facilis
374 1527 415 1590 et
433 1506 535 1588 liber
560 1507 690 1590 exitus
718 1506 783 1606 sit,
810 1507 999 1592 valetudo
1023 1510 1157 1591 omni-

117 1647 221 1756 genis
240 1645 361 1728 malis
376 1645 453 1726 erit
468 1665 708 1750 opportuna.
766 1642 850 1724 Alii
869 1666 1021 1746 contra,
1042 1645 1157 1728 ducti

119 1805 294 1868 nontam
306 1783 473 1883 ratione,
485 1809 612 1888 quarn
622 1781 1158 1888 impatientiadoloris,nihil

84 1963 86 1966 ·
119 1949 197 2004 non
210 1920 348 2002 moliti
362 1939 472 2020 sunt,
490 1941 538 2000 ut
552 1917 807 2002 arthritidem
822 1917 1084 2026 incipientem
1095 1947 1159 2028 re-
1215 1921 1216 1928 ‘

121 2059 350 2166 primerent,
374 2079 414 2138 et
430 2056 477 2137 in
491 2054 586 2162 ipsis
614 2055 732 2164 quasi
750 2055 1010 2140 incunabulis
1029 2059 1159 2140 extin-

123 2216 296 2302 guerent.
356 2195 533 2300 Magnus
553 2193 620 2276 ille
634 2192 850 2292 Harveiu's,
868 2193 1157 2280 circumeuntis

124 2332 326 2440 sanguinis
341 2352 532 2439 repertor,
550 2352 599 2412 ut
617 2359 641 2411 a
658 2329 899 2438 propinquis
911 2331 996 2438 ejus
1015 2333 1162 2439 accepi,

125 2469 304 2574 protinus
335 2489 384 2548 ut
407 2467 628 2574 podagram
653 2466 934 2548 advenientem
953 2468 1161 2570 sentiebat,

95 2650 97 2659 ·
126 2632 210 2686 crus
224 2603 418 2688 affectum
430 2604 473 2685 in
485 2603 679 2710 frigidam
694 2603 912 2686 immittere
930 2603 1070 2688 solitus
1089 2628 1162 2707 est,

128 2761 213 2824 eteo
224 2763 344 2850 pacto
359 2741 541 2824 dolorem
555 2761 741 2822 avertere.
770 2739 883 2822 Alios
896 2739 1038 2822 itidem
1050 2743 1163 2844 novi,

129 2879 196 2984 qui
209 2879 434 2986 podagram
447 2877 709 2983 incipientem
722 2899 858 2983 tepore
873 2899 912 2958 et
929 2877 1013 2958 otio
1026 2877 1162 2962 fovere

129 3015 237 3098 valde
250 3037 502 3115 recusarunt,
516 3041 560 3096 ac
572 3015 706 3120 potius
718 3014 896 3096 maxima
906 3015 1162 3100 contentione

130 3151 263 3254 animi,
293 3174 334 3234 et
363 3151 530 3251 virium,
557 3173 693 3232 artum
713 3147 903 3232 affectum
921 3177 1096 3251 movere,
1123 3171 1164 3234 et

130 3287 351 3390 exercitare,
368 3315 455 3370 non
468 3309 685 3387 cessarunt,
703 3287 831 3368 donec
846 3286 995 3370 sensim
1009 3288 1177 3372 recedes=

132 3424 335 3525 redelor,
361 3446 402 3506 et
416 3445 585 3531 potestas
605 3421 798 3530 morendi
812 3445 1099 3526 reverteretur3
1120 3425 1165 3508 id

133 3559 240 3666 quod
250 3559 418 3642 tandem
431 3561 636 3642 consecuti
650 3581 757 3642 sunt
787 3561 943 3666 Neque,
962 3581 1167 3668 quantum

133 3696 223 3797 scio,
249 3697 337 3778 haec
351 3697 490 3778 morbi
503 3697 763 3804 propulsatio,
790 3697 832 3776 vi
850 3721 891 3780 et
909 3697 1030 3782 aruris
1048 3697 1168 3800 facta,

81 3903 85 3914 .
134 3831 749 3940 ullisposteagravioribusrnalis
761 3855 1000 3940 pensataest.
1024 3834 1179 3946 Quam

135 3985 222 4050 tum
251 3991 390 4052 autem
419 3967 507 4052 fieri
529 3991 661 4076 potest
678 3970 730 4052 ad
748 3971 1028 4057 excutiendam
1045 3969 1170 4078 poda·
1291 4007 1294 4014 »

135 4129 261 4206 gram
275 4105 310 4187 si
320 4106 415 4214 quis
426 4133 568 4190 omnes
579 4133 724 4190 nervos
735 4107 842 4192 ineo
858 4107 1087 4208 contendat,
1101 4107 1170 4190 de·

137 4241 285 4324 clarant
302 4243 477 4326 historia
498 4243 802 4329 arthriticorum
819 4273 905 4328 non
919 4245 1068 4345 dubiae,
1096 4241 1172 4350 qui

139 4377 330 4462 membris
341 4381 533 4468 omnibus
544 4382 1172 4494 capti,cummorereseprorsus
