3002 5086
731 491 743 510 '
780 515 881 619 ost

295 733 382 834 nis,
410 729 644 840 procreatis,
675 728 879 836 jecinoris,
916 725 1095 829 omenti,
1119 749 1161 810 et
1192 727 1351 812 intesti-

250 971 254 978 .
304 898 469 968 norum,
478 895 617 948 omnes
626 867 772 973 pariter
781 865 1184 948 vocanturviscerum
1197 867 1347 948 morbi.

303 1011 344 1086 A
362 1005 480 1096 nobis
501 1009 591 1086 ante
610 1005 769 1084 dictum
795 1025 853 1084 est
867 1003 1073 1084 'calculum
1092 1004 1138 1082 in
1154 1003 1232 1083 'viis
1251 1004 1349 1085 bilis

302 1143 493 1250 opinione
509 1141 751 1242 crebriorem
770 1168 852 1221 esse
866 1167 1032 1220 causam
1049 1139 1199 1222 doloris
1214 1142 1260 1220 in
1273 1141 1350 1222 ab·

303 1279 481 1360 domine.
539 1281 738 1359 Tumores
755 1277 956 1376 scirrhosi,
975 1300 1014 1358 et
1028 1277 1175 1377 ulcera,
1190 1277 1348 1384 quibus

302 1417 442 1496 omnia
464 1415 614 1496 viscera
632 1437 728 1496 sunt
746 1436 988 1521 opportuna,
1006 1413 1212 1512 lumbrici,
1231 1441 1349 1497 max-

301 1551 384 1633 ime
402 1553 447 1633 in
466 1555 612 1660 pueris,
640 1575 679 1634 et
698 1553 848 1633 herniae
861 1553 907 1631 in
925 1551 1086 1662 adultis,
1114 1551 1240 1631 colica
1258 1551 1350 1632 Pic-

301 1709 461 1789 tonum,
504 1691 617 1789 ileus,
655 1711 694 1769 et
733 1716 879 1794 pravae·
905 1685 1262 1788 conformationes,
1302 1688 1350 1768 in

301 1825 439 1906 animo
459 1826 653 1906 versanda
672 1847 780 1925 sunt,
809 1824 966 1932 quoties
979 1822 1126 1930 aegroti
1149 1823 1199 1904 de
1218 1823 1350 1906 visce-

298 1945 396 2041 rum
407 1962 523 2043 malis
535 1985 778 2068 queruntur.
807 1961 1032 2042 Vitiauteri
1041 1967 1143 2066 stipe
1151 1978 1262 2042 tactu
1275 1959 1365 2046 do-⁴

300 2097 718 2204 prehenduntur,tum
728 2125 893 2205 quoque
901 2097 950 2178 de
959 2096 1007 2178 iis
1016 2096 1246 2202 conjectura
1254 2095 1348 2179 fieri

300 2257 431 2340 potest
450 2263 497 2314 ex
516 2237 607 2316 sede
637 2213 800 2334 doloiis,
827 2239 934 2315 et'ex
952 2229 1013 2334 eo,
1040 2231 1155 2341 quod
1183 2235 1347 2342 aliquid

222 2389 224 2394 ·
295 2370 707 2453 habeant'commune
726 2387 824 2451 cum
840 2371 1070 2470 menstruis,
1088 2371 1347 2476 graviditate,

295 2509 364 2587 vel
382 2507 602 2588 abortibus.
662 2509 897 2606 Renum,·et
916 2507 1054 2590 vesicae
1074 2507 1203 2588 urinae
1223 2505 1346 2588 affec-

298 2643 1345 2752 tunm,indicioerunt,praeterlocumdoloris,urinae

297 2783 422 2880 color,
450 2780 564 2881 odor,
592 2803 631 2861 et
650 2782 887 2882 crassitudo,
914 2810 1011 2862 cum
1037 2781 1264 2888 cupiditate>
1278 2783 1347 2862 vol

289 2909 436 2998 'dolore
450 2918 657 3002 ,meiendiz
688 2941 874 3024 praeterea
903 2921 1008 3002 uteri
1038 2943 1159 3026 atque
1191 2947 1345 3008 renum

297 3055 395 3135 vitia
414 3083 461 3164 eo
477 3081 515 3134 se
535 3055 727 3160 produnt,
748 3055 859 3164 quod
878 3085 1026 3168 parum
1045 3078 1115 3136 aut
1134 3055 1238 3134 nihil
1258 3056 1340 3134 illis

201 3200 206 3211 '
297 3217 394 3270 cum
414 3192 504 3270 alvo
520 3219 738 3271 commune
758 3193 818 3273 sit
878 3196 994 3293 Heus,
1023 3221 1092 3274 seu
1108 3189 1345 3274 inflamma-

298 3325 356 3405 tio
372 3327 671 3426 intestinorum,
686 3351 744 3410 est
755 3329 927 3410 morbus
941 3331 1039 3410 adeo
1052 3350 1208 3426 acutus,
1222 3349 1263 3407 et
1280 3349 1346 3410 tot

298 3463 459 3568 propria
494 3465 608 3569 signa
636 3465 770 3565 habet,
797 3489 845 3547 ut
871 3465 939 3546 vix
972 3467 1099 3548 errori
1127 3467 1239 3546 locus
1273 3466 1341 3547 sit.

244 3636 247 3646 2
296 3599 461 3694 Herniae
478 3629 657 3706 quoque,
676 3599 752 3682 'nisi
769 3627 1014 3709 aegrotorum
1033 3603 1200 3710 pudore,
1219 3603 1344 3683 celari

293 3763 380 3818 non
411 3761 590 3842 possunt.
647 3741 799 3824 Munus
830 3741 1028 3853 copiosus,
1055 3741 1118 3824 vel
1145 3739 1344 3824 lumbrici

204 3984 209 3994 v
294 3901 393 3954 cum
422 3895 592 3956 stercore
622 3875 777 3982 dejecti,
804 3879 914 3960 clare
936 3877 1117 3958 indicant
1145 3896 1343 3956 naturam

294 4011 410 4092 istius
431 4012 604 4118 angoris,
634 4013 708 4119 qui
728 4016 789 4096 vel
809 4043 857 4095 ex
885 4013 948 4094 his
968 4015 1111 4112 oritur,
1139 4014 1271 4094 velex
1295 4043 1342 4099 ea

294 4144 583 4240 intestinorum
611 4151 854 4251 valetudine,
882 4179 973 4257 quae
1007 4149 1216 4232 lumbricis
1248 4151 1343 4256 gig*

295 4283 438 4364 nendis
462 4284 581 4366 favet
639 4288 819 4368 Colicam
848 4289 1077 4388 Pictonum,
1105 4287 1184 4370 nisi
1210 4313 1342 4392 aegro·

287 4439 361 4506 ¹tus
382 4421 539 4506 noverit
558 4449 598 4506 se
617 4453 641 4506 a
659 4424 831 4534 plumbo
854 4426 995 4508 Iaesum
1013 4424 1152 4528 fuisse,
1179 4423 1341 4532 conjec-
