3050 5084
176 657 269 716 rum
284 633 553 744 profecerunt.
611 633 696 714 Vix
714 633 847 716 ausim
867 631 1068 740 affirmare
1093 665 1218 746 aquas

27 751 61 798 -’·’
173 771 409 853 Bathonicas
429 793 515 852 non
533 799 616 852 esse
634 771 804 852 alienas:
826 795 984 883 atcerte
1000 798 1218 883 nunquam

34 891 71 938 ·.·'
171 909 274 991 mihi
304 911 399 990 visae
433 931 530 992 sunt
549 909 758 1017 profuisse.
818 911 1094 994 Cucurbitula
1115 939 1218 1020 saepe

40 1031 63 1076 ⁴·
168 1045 270 1127 nihil
303 1047 561 1153 profecerunt
594 1047 645 1126 ad
676 1069 914 1152 praesentem
944 1049 1216 1155 vertiginem

42 1169 62 1290 ᾗ
169 1183 236 1264 sed
251 1183 391 1292 multis
411 1184 563 1290 insigni
582 1181 751 1263 fuerunt
770 1183 969 1290 praesidio,
992 1188 1055 1266 vel
1076 1187 1215 1293 prohi-

28 1307 64 1359 ··³
165 1323 314 1422 bendo,
342 1323 405 1406 vel
424 1321 651 1428 mitigando
671 1321 925 1421 accessiones,
952 1322 1027 1404 ubi
1047 1326 1210 1407 alternis

29 1447 58 1496 '⁵²'
164 1459 374 1570 mensibus
390 1459 564 1540 admotae
577 1481 674 1540 sunt
689 1459 744 1540 sic
760 1481 808 1538 ut
820 1449 1029 1565 sanguinis
1053 1487 1121 1540 sex
1132 1489 1212 1542 un·
1293 1557 1297 1570 .

24 1585 55 1640 '³
163 1595 233 1676 ciae
253 1597 570 1676 detraherentur.

214 1733 445 1814 Periculum
477 1735 725 1815 intentatum
756 1732 1012 1840 avertigine‚
1040 1755 1079 1816 et
1098 1729 1205 1814 diffi-

157 1873 285 1954 cultas
318 1873 354 1952 ei
379 1871 584 1972 medendi,
613 1871 848 1952 aestimanda
878 1895 974 1953 sunt
993 1899 1041 1952 ex
1060 1899 1206 1978 genere

24 2037 50 2055 “’
157 2035 197 2092 et
227 2037 402 2092 numero
421 2009 624 2090 malorum
643 2009 932 2089 accedentium.
990 2005 1206 2116 Siquidem

24 2143 42 2194 ·²
155 2147 239 2229 haec
274 2175 401 2254 pauca
430 2143 598 2246 fuerint,
629 2170 669 2226 et
697 2176 720 2226 a
749 2147 957 2227 stomacho
987 2147 1072 2227 solo
1101 2169 1203 2248 otta,

153 2287 289 2367 multo
306 2283 464 2366 facilius
484 2284 559 2364 erit
577 2284 724 2364 morbo
745 2309 989 2385 succurrere,
1018 2311 1147 2393 quam
1167 2285 1202 2366 si

152 2421 269 2530 signa
289 2421 370 2504 sint
388 2421 527 2530 capitis
548 2423 721 2528 graviter
736 2419 881 2520 affecti¹
908 2421 1024 2528 cujus
1044 2423 1201 2504 curatio

25 2553 46 2608 ³⁵
150 2582 210 2642 est
229 2561 340 2642 taedii
358 2559 489 2667 plena,
506 2581 547 2640 et
565 2560 726 2640 incerta
776 2560 824 2638 In
840 2555 1048 2640 affectibus
1068 2559 1201 2668 hypo·

35 2693 42 2740 ³
148 2697 404 2778 chondriacis
434 2697 588 2804 vertigo
616 2697 780 2778 nullum
808 2695 1036 2802 periculum
1063 2695 1200 2798 habet,

29 2831 37 2880 ³
149 2861 393 2944 quanquam
408 2857 566 2942 promte
582 2834 831 2920 summoveri
845 2855 1029 2940 nequeat.
1069 2831 1200 2946 Quod

23 2979 27 3022 2
148 2973 328 3054 siunum
339 2971 628 3052 tantummodo
638 2999 687 3052 ex
698 2969 884 3078 plurimis
896 2971 1010 3050 malis
1026 2969 1090 3070 sit,
1102 2995 1195 3077 quae

145 3138 294 3217 corpus
309 3107 465 3189 morbis
479 3130 519 3190 et
537 3108 654 3188 annis
672 3107 851 3190 fractum
867 3107 918 3187 ad
930 3107 1193 3222 sepulchrum

23 3247 29 3294 ·’
144 3248 371 3347 deducunt,
389 3245 492 3326 nihil
507 3245 591 3352 spei
610 3245 816 3353 reliquum
830 3245 907 3326 erit
921 3246 1051 3330 autin
1065 3245 1195 3326 medi-

23 3383 28 3430 ‘'
143 3387 249 3486 cina,
278 3384 413 3465 autin
432 3405 609 3476 natura..

197 3521 288 3604 Ubi
307 3521 463 3627 vertigo
483 3548 553 3628 per
572 3548 611 3602 se
624 3520 706 3602 sola
718 3515 1077 3626 fit,'saepevidetur
1091 3519 1191 3601 oriri

140 3689 190 3742 ex
216 3659 347 3744 causis
375 3657 547 3738 omnino
581 3657 750 3756 levibus,
793 3685 884 3763 quae
914 3657 1190 3739 valetudinem

141 3797 323 3906 corporis
342 3794 455 3876 haud
474 3795 655 3876 multum
673 3796 926 3902 perturbant,
958 3795 1113 3876 nedum
1142 3796 1189 3876 in

139 3935 371 4041 periculum
399 3931 620 4014 adducunt.
693 3931 884 4046 Cognovi.
900 3931 1071 4038 juvenes
1097 3953 1188 4014 tarn
1279 3973 1282 3978 ·

137 4073 399 4154 vehementer
417 4063 657 4169 laborantes,
683 4091 732 4150 ut
749 4067 832 4150 fere
851 4069 1120 4172 conciderent,
1140 4071 1187 4156 in

135 4209 292 4317 quibus
312 4209 481 4290 morbus
502 4233 574 4287 sua
593 4227 734 4310 sponte
753 4206 925 4300 recessit,
952 4233 1026 4288 uec
1056 4207 1185 4315 impe-

132 4347 212 4430 diit
231 4345 469 4456 quominus
485 4344 537 4426 ad
555 4369 763 4429 summam
781 4323 1028 4432 senectutem
1046 4373 1186 4454 perve-

627 4505 696 4564 au
