3002 5086
616 491 719 592 939

149 716 296 806 quarto
314 693 381 776 die
398 693 443 774 in
459 693 776 795 mortemdesiit.
838 693 1081 801 Plerumque
1097 723 1195 780 vero
1274 759 1277 772 .

148 836 395 932 factumest,
422 853 471 912 ut
490 857 592 938 quos
618 831 787 912 morbus
808 830 969 933 occidit,
997 855 1107 914 sexto
1127 835 1193 918 vel

149 969 320 1078 septimo
339 967 404 1048 die
423 967 675 1050 decesserint.
1155 1077 1158 1086 Δ

204 1107 556 1188 Medicamentum
566 1103 679 1212 quod
691 1102 898 1185 habetolei
910 1106 1191 1188 terebinthinae

150 1241 356 1328 rectificati
370 1264 504 1350 guttas
522 1240 682 1348 viginti,
701 1241 764 1322 vel
776 1240 955 1346 triginta,
973 1242 1117 1322 datum
1131 1266 1192 1325 est

151 1383 296 1491 quinta
315 1408 478 1487 quaque
493 1379 606 1478 hora,
624 1399 664 1460 et
678 1377 801 1458 simul
820 1377 999 1484 ejusdem
1019 1380 1109 1480 olei,
1128 1383 1192 1460 vel

148 1518 232 1600 kali
260 1516 414 1616 acetati,
442 1515 647 1596 semuncia
673 1512 735 1594 bis
766 1514 948 1620 quotidie
976 1514 1021 1594 in
1052 1517 1192 1597 alvum

149 1643 287 1735 infusa
303 1677 382 1754 est3
412 1651 696 1734 cantharidum
717 1677 883 1757 quoque
912 1651 1192 1756 semigranum

151 1812 339 1872 sumtum
365 1789 448 1870 fuit
466 1810 611 1896 quarta
639 1813 802 1894 quaque
821 1787 934 1886 hora,
961 1810 1000 1867 et
1020 1815 1123 1892 aeget
1147 1789 1192 1868 in

151 1927 347 2008 balneum
364 1925 572 2007 descendit
591 1921 748 2030 quoties
767 1921 912 2003 libuit:
943 1950 1087 2003 verum
1106 1951 1192 2004 non

153 2087 212 2146 est
223 2063 579 2162 dissimulandum,
590 2063 681 2144 licet
692 2061 810 2168 pauci
824 2061 993 2168 quidam
1005 2061 1066 2142 his
1080 2063 1193 2142 auxi-

152 2202 216 2282 liis
232 2201 308 2292 visi
325 2200 479 2282 fuerint
494 2199 655 2301 servari,
673 2199 769 2280 alios
786 2221 921 2280 tamen
935 2199 983 2280 iis
999 2199 1193 2282 omnibus

153 2337 307 2422 frustra
325 2367 418 2420 usos
438 2367 532 2421 esse.
555 2401 558 2408 ⁴
652 2405 655 2410 .

487 2541 864 2560 ...ιιι--α--ι--ιύυ

489 2561 870 2585 ψ

575 2711 681 2794 Cae.
703 2717 769 2795 56.

326 2873 391 2954 De
410 2871 581 2984 Linguae
601 2886 721 2984 utque
742 2873 835 2956 Oris
855 2872 1019 2957 Dolore.

209 3033 568 3116 Cunctuonaan
597 3035 744 3140 linguae
764 3057 803 3116 et
822 3033 901 3114 oris
919 3033 1122 3140 incipiunt
1140 3033 1193 3114 ab

155 3144 303 3275 exiguo
331 3170 559 3270 tuberculo,
587 3171 649 3251 vel
678 3173 901 3272 ulcusculo‚
929 3171 1042 3278 quod
1071 3171 1194 3278 serpit

155 3335 254 3388 cum
283 3307 561 3413 pungentibus
592 3307 815 3409 doloribus,
844 3305 1194 3416 quemadmodum
1229 3399 1234 3418 ι

154 3441 244 3524 fieri
272 3437 481 3526 consuevit
499 3445 573 3525 ubi
592 3445 685 3527 alias
715 3445 891 3553 corporis
918 3469 1046 3552 partes
1076 3475 1194 3528 occu·
1308 3499 1311 3506 =

153 3602 264 3689 pant.
281 3583 395 3682 Hac,
402 3581 718 3690 quibuscunque
726 3584 1038 3688 minantunnon
1045 3583 1192 3692 injuste

154 3737 316 3800 terrent.
375 3721 568 3800 Attamen
596 3747 647 3802 ne
676 3720 767 3826 quis
787 3749 891 3802 vano
922 3743 1036 3802 metu
1060 3749 1100 3802 se
1128 3749 1196 3802 ex-

154 3855 320 3954 cruciet,
335 3857 438 3938 scitu
454 3857 552 3940 utile
564 3880 636 3961 est,
650 3859 832 3940 dolorem
846 3859 1055 3940 ardentem
1066 3858 1111 3938 in
1126 3886 1195 3942 ore

156 4012 197 4072 et
214 3991 357 4096 lingua
371 3993 579 4076 interdum
595 3997 858 4102 permansisse
872 3996 1022 4078 multos
1038 4021 1194 4106 menses

156 4127 243 4209 sine
258 4129 404 4234 quovis
420 4133 527 4217 malo
544 4133 823 4238 subsequente.
882 4133 1006 4238 Sapor
1021 4157 1196 4232 amarus,

158 4265 310 4366 acidus,
338 4268 481 4372 putris,
501 4270 563 4350 vel
583 4295 720 4369 arens,
742 4268 924 4350 inficiens
945 4269 1083 4350 omnia
1103 4297 1194 4375 quac

156 4401 201 4484 in
221 4401 542 4510 osingeruntur,
570 4407 811 4514 plerumque
836 4405 959 4490 habet
985 4405 1195 4488 initiuma
