3110 5082
797 419 901 534 384

324 667 541 742 manuum,
558 641 657 722 etin
676 640 824 747 plantis
841 638 1010 748 pedum,
1026 644 1208 750 pustulas
1220 667 1366 752 paucas

322 809 431 886 aqua
449 781 600 886 plenas,
617 805 762 860 vacuas
781 778 833 858 ab
852 774 1189 881 inflammatione,
1206 805 1277 862 aut
1295 809 1366 864 ru·

320 915 435 1016 bore,
462 943 553 1022 quae
582 914 828 996 admodum
847 915 1094 998 variolamm
1123 941 1364 998 consuetum

319 1074 620 1135 maturuerunt.
677 1053 726 1132 ln
752 1077 894 1158 puero.
907 1052 1031 1136 etiam
1060 1041 1243 1160 quodam
1270 1083 1366 1160 pus-

320 1191 416 1271 tulae
431 1211 545 1272 erant
572 1189 819 1296 majuscula,
837 1215 1071 1296 paucaeque,
1096 1217 1170 1296 per
1187 1213 1366 1298 quatuor

319 1328 428 1430 dies,
445 1330 541 1410 dein
559 1355 797 1410 numerosae.
813 1347 854 1410 et
881 1353 1015 1434 patvae
1044 1329 1297 1438 prodierunt,
1323 1353 1366 1414 et

318 1493 422 1572 puer
447 1493 550 1574 aegre
578 1495 604 1546 a
638 1465 787 1546 morbo
814 1464 989 1546 emersit.
1037 1441 1097 1548 ln
1124 1463 1204 1547 alio
1236 1493 1365 1574 puero

318 1629 418 1684 rarae
446 1601 618 1710 pustula}
647 1601 850 1709 principio
868 1623 966 1682 ortae
994 1623 1119 1706 sunt;
1146 1623 1189 1684 at
1207 1604 1384 1688 mansit

312 1739 493 1848 jactatio,
519 1763 560 1822 et
582 1765 687 1846 aeger
714 1740 820 1820 male
846 1739 1020 1839 habuit;
1047 1738 1195 1822 deinde
1220 1740 1366 1846 primis

317 1877 521 1958 exsiccatis
541 1877 626 1978 aliae
645 1875 843 1976 exierunt,
870 1897 911 1958 et
928 1897 1245 1976 matumerunt3
1272 1898 1367 1982 post

317 2011 391 2108 bas
408 2005 532 2095 etiam
560 2041 645 2094 una
667 2034 791 2120 atque
821 2013 943 2094 altera
969 2033 1203 2119 eruperunt.
1259 2016 1365 2096 Puer

317 2148 385 2232 bic
412 2149 528 2251 obiit,
547 2177 789 2258 quanquam
806 2176 947 2230 omnes
966 2151 1153 2256 pustulae,
1180 2149 1215 2232 si
1234 2150 1361 2232 simul

316 2313 463 2394 corpus
497 2289 813 2395 occupavissent,
849 2287 948 2368 adeo
983 2313 1119 2394 paucae
1156 2309 1285 2390 erant,
1310 2311 1364 2372 ut

315 2425 525 2536 nemiuem
551 2425 679 2506 alium
697 2423 858 2506 variolis
876 2424 1058 2506 occisum
1085 2425 1362 2528 meminerim,

317 2559 392 2666 qui
403 2587 490 2641 non
499 2561 685 2668 pluribus
697 2560 925 2642 laborasset.
973 2561 1362 2642 Haecsuntsolsex-

314 2697 447 2803 empla
458 2693 1191 2804 quaemihiobservatasuntsecundae
1204 2697 1361 2800 messis,

314 2854 363 2914 ut
379 2833 544 2936 dicitru,
561 2809 820 2916 variolamm.

365 2971 466 3052 Tres
494 2971 680 3052 homines
699 2970 859 3052 variolis
888 2993 1124 3078 aegrotantes
1144 2970 1244 3074 vidi,
1271 2973 1349 3082 qui

310 3107 458 3190 morbo
470 3105 559 3214 jam
572 3103 672 3190 adeo
690 3108 896 3206 inclinato,
914 3130 963 3188 ut
981 3109 1236 3214 propositum
1250 3133 1354 3193 esset

310 3243 418 3326 intra
445 3245 623 3327 biduum
650 3271 813 3326 carnem
840 3227 933 3326 cibo
969 3245 1150 3351 adjicere,
1178 3269 1219 3328 et
1251 3248 1349 3332 dam

309 3379 654 3476 medicamentum
689 3407 881 3494 purgans,
923 3386 1083 3486 repente
1118 3381 1217 3464 facti
1254 3407 1353 3468 suut

309 3515 457 3618 tristes,
482 3539 532 3630 et
545 3517 769 3626 suspiciosi,
795 3539 836 3598 et
854 3515 923 3598 vix
951 3515 1082 3608 biduo
1110 3539 1261 3620 exacto,
1287 3519 1354 3602 in·

309 3651 396 3734 sani
415 3681 578 3760 prorsus
596 3677 637 3736 et
649 3648 868 3738 furibundi
884 3675 1015 3734 morte
1029 3653 1323 3738 occubuerunt

363 3789 504 3873 Salivae
539 3787 793 3900 profluvium
817 3790 1156 3898 copiosissimum,
1175 3791 1289 3897 quod
1306 3791 1353 3874 in

307 3927 468 4010 variolis
489 3926 792 4010 confluentibus
805 3929 905 4010 solet
924 3926 1170 4033 contingere,
1187 3949 1352 4012 etmu-

305 4060 390 4147 ime
406 4065 583 4172 prodest,
600 4067 645 4146 in
664 4064 871 4148 nonnullis
883 4062 1002 4147 finito
1017 4061 1166 4146 morbo
1179 4063 1350 4174 impuno

305 4201 721 4310 perseveravitplures
740 4181 835 4282 dies.

328 4397 334 4416 .
359 4337 441 4421 Lac
452 4338 649 4442 mulieris,
661 4367 768 4448 ‚quae
786 4337 988 4421 infantem
1006 4335 1192 4441 lutabat.
1209 4335 1344 4425 minui
