3002 5086
735 373 739 402 s

302 655 432 742 uriam
444 655 614 765 quidem
621 651 749 738 urinae
758 657 979 764 exprimere
990 656 1143 764 potuit;
1162 651 1336 772 arcathe

247 795 248 802 ‘
303 817 384 878 tere
398 794 583 876 immisso
599 791 910 901 quinquelibrssae
924 786 1316 876 urinaeeffluxeruna

354 929 620 1012 Difficultates
651 929 800 1032 urinae,
834 927 925 1037 quae
955 930 1080 1011 modo
1109 955 1333 1012 memorata

302 1089 412 1167 sunt,
440 1067 524 1149 sine
544 1067 644 1149 vitio
673 1094 820 1150 renum
844 1066 976 1167 fiunt3
1006 1067 1335 1173 periculosissima

178 1189 181 1192 ’
300 1232 396 1286 vero
426 1228 556 1288 estes
585 1205 721 1285 morbi
751 1205 911 1310 species,
938 1204 984 1282 in
1013 1185 1096 1312 qua
1123 1230 1236 1284 renes
1263 1204 1335 1310 ipsi

299 1367 462 1448 prorsus
483 1339 676 1442 otiantur,
703 1362 743 1422 et
762 1341 924 1422 nullum
947 1339 1164 1422 humorem
1182 1367 1231 1420 ex
1250 1367 1335 1420 san·

299 1479 424 1584 guine
441 1477 617 1558 eliciunt.
650 1507 652 1512 ·
674 1477 725 1556 In
744 1504 829 1558 uno
848 1471 990 1556 calculi
1008 1463 1154 1558 renum
1180 1477 1335 1556 insana·

298 1614 424 1695 bilem
432 1613 652 1694 ischuriam
659 1613 839 1696 intulisse
847 1611 922 1694 visi
935 1635 1050 1714 sunt;
1066 1627 1334 1722 quam'tamen

298 1753 350 1834 ab
370 1751 509 1833 eadem
529 1779 648 1832 causa
673 1749 902 1857 provenisse
921 1751 966 1830 in
992 1752 1154 1830 nemine
1173 1743 1252 1830 alio
1272 1779 1334 1830 su·

299 1889 442 1996 spicari
458 1888 596 1994 potui:
626 1916 758 1996 neque
773 1911 866 1968 sane
881 1887 1069 1997 credibile
1083 1908 1154 1987 est,
1164 1909 1222 1968 ⁴ut
1235 1915 1332 1993 saepe

298 2027 475 2108 evenerit
483 2019 624 2106 ambos
639 2051 765 2124 renes,
776 2046 847 2106 aut
858 2024 999 2106 ambos
1013 2045 1184 2106 ureteres
1193 2024 1332 2105 eodem

298 2187 481 2269 tempore
515 2161 676 2242 calculis
710 2160 906 2261 obturari,
942 2182 981 2241 et
1013 2186 1181 2240 omnem
1209 2161 1332 2240 urina

178 2353 185 2364 ·
297 2300 517 2382 transitum
531 2297 755 2404 prohibere.
814 2299 863 2377 In
877 2297 992 2378 omni
1007 2296 1195 2398 ischuria,
1214 2297 1332 2378 etiam

296 2425 372 2518 ubi
388 2436 456 2516 vix
474 2435 661 2516 dubitare
680 2435 794 2516 liceat
812 2433 985 2514 vesicam
999 2461 1081 2542 esse
1099 2432 1279 2534 inanem,
1295 2453 1332 2513 et

297 2573 493 2654 morbum
505 2601 587 2654 esse
599 2572 644 2651 in
653 2570 832 2670 renibus,
843 2593 992 2670 tamen,
1002 2593 1050 2652 ut
1059 2571 1196 2650 nullus
1208 2569 1331 2652 errori

215 2723 222 2738 '
297 2712 409 2791 locus
429 2710 493 2808 sit,
521 2707 725 2815 praestabit
744 2707 917 2790 vesicam
935 2707 1118 2790 immisso
1137 2689 1347 2790 cathetere'
1378 2723 1380 2726 ’
1473 2795 1474 2818 ³

298 2848 510 2953 explorare.

351 2984 483 3065 Simul
506 3011 603 3064 cum
630 2981 805 3063 ischuria
828 2978 935 3063 fiunt
964 2981 1089 3064 modo
1108 3003 1330 3080 veternum,

266 3137 269 3144 '
297 3120 603 3220 modoeumma
615 3117 792 3225 jactatio,
821 3119 1095 3226 vomitusque‚
1120 3139 1161 3200 et
1180 3118 1329 3224 singul·
1367 3175 1370 3186 .
1473 3119 1474 3166 i

296 3279 377 3356 tus,
386 3254 524 3356 febris,
539 3277 577 3336 et
590 3254 745 3336 dolores
761 3255 1010 3336 lumborum.
1069 3253 1147 3334 His
1159 3255 1275 3336 malis
1287 3254 1328 3332 in

297 3418 382 3472 uno
395 3391 674 3497 aegroaccessit
686 3392 930 3497 stranguria:
953 3388 1330 3490 aliiomnimeiendi

296 3527 515 3634 cupiditate
534 3550 761 3610 caruerunt.
819 3529 977 3610 Unicus
990 3557 1038 3610 ex
1052 3527 1100 3608 iis
1116 3555 1218 3636 quos
1234 3527 1329 3626 vidi,

295 3666 424 3748 urinae
444 3693 626 3773 saporem
640 3667 684 3746 in
704 3657 771 3749 ore
786 3689 951 3774 questus
970 3689 1040 3748 eet.
1097 3639 1199 3746 Puto
1219 3691 1327 3746 renes

296 3831 381 3884 non
394 3829 560 3884 cessasse
576 3803 740 3884 urinam
755 3830 977 3906 excernere,
995 3829 1236 3912 quanquam
1251 3799 1329 3881 exi·

295 3961 360 4022 tus
381 3941 439 4020 illi
460 3941 675 4046 prae'clusus
694 3962 789 4021 erat.
1219 4041 1225 4048 ·

350 4076 483 4156 Urina
501 4103 549 4157 ex
569 4096 654 4156 toto
674 4103 883 4183 suppressa
901 4075 984 4158 fuit
1004 4099 1155 4184 septem
1173 4075 1275 4174 dies„
1288 4091 1328 4152 et

293 4231 431 4302 tamen
458 4241 560 4320 aeger
579 4240 627 4294 ex
646 4214 792 4296 morbo
811 4215 983 4298 emersit.
1042 4215 1156 4296 Idem
1175 4213 1327 4294 malum
