<?xml version="1.0" encoding="UTF-8"?>
<!DOCTYPE html PUBLIC "-//W3C//DTD XHTML 1.0 Transitional//EN"
    "http://www.w3.org/TR/xhtml1/DTD/xhtml1-transitional.dtd">
<html xmlns="http://www.w3.org/1999/xhtml" xml:lang="en" lang="en">
 <head>
  <title>
</title>
<meta http-equiv="Content-Type" content="text/html;charset=utf-8" />
  <meta name='ocr-system' content='tesseract 3.04.00' />
  <meta name='ocr-capabilities' content='ocr_page ocr_carea ocr_par ocr_line ocrx_word'/>
</head>
<body>
  <div class='ocr_page' id='page_1' title='image "./commentariidemo00hebegoog_0171.png"; bbox 0 0 3002 5086; ppageno 0'>
   <div class='ocr_carea' id='block_1_1' title="bbox 750 417 848 518">
    <p class='ocr_par' dir='ltr' id='par_1_1' title="bbox 750 417 848 518">
     <span class='ocr_line' id='line_1_1' title="bbox 750 417 848 518; baseline 0.02 -2"><span class='ocrx_word' id='word_1_1' title='bbox 750 417 848 518; x_wconf 73' lang='lat'><strong>154</strong></span> 
     </span>
    </p>
   </div>
   <div class='ocr_carea' id='block_1_2' title="bbox 267 615 1318 1424">
    <p class='ocr_par' dir='ltr' id='par_1_2' title="bbox 267 615 1318 1424">
     <span class='ocr_line' id='line_1_2' title="bbox 317 615 1318 744; baseline -0.001 -28"><span class='ocrx_word' id='word_1_2' title='bbox 317 615 562 742; x_wconf 69' lang='lat' dir='ltr'><strong>Remedium</strong></span> <span class='ocrx_word' id='word_1_3' title='bbox 580 629 762 711; x_wconf 86' lang='lat' dir='ltr'><strong>febrium</strong></span> <span class='ocrx_word' id='word_1_4' title='bbox 781 629 1079 744; x_wconf 24' lang='lat' dir='ltr'><strong>continuarum!</strong></span> <span class='ocrx_word' id='word_1_5' title='bbox 1091 633 1318 739; x_wconf 88' lang='lat' dir='ltr'><strong>proprium,</strong></span> 
     </span>
     <span class='ocr_line' id='line_1_3' title="bbox 267 765 1318 876; baseline -0.001 -24"><span class='ocrx_word' id='word_1_6' title='bbox 267 799 342 852; x_wconf 88' lang='lat' dir='ltr'><strong>seu</strong></span> <span class='ocrx_word' id='word_1_7' title='bbox 360 765 594 876; x_wconf 86' lang='lat' dir='ltr'><strong>specificum</strong></span> <span class='ocrx_word' id='word_1_8' title='bbox 623 767 738 874; x_wconf 92' lang='lat' dir='ltr'><strong>quod</strong></span> <span class='ocrx_word' id='word_1_9' title='bbox 757 769 885 867; x_wconf 89' lang='lat' dir='ltr'><strong>aiunt,</strong></span> <span class='ocrx_word' id='word_1_10' title='bbox 914 767 1061 868; x_wconf 88' lang='lat' dir='ltr'><strong>adhuc,</strong></span> <span class='ocrx_word' id='word_1_11' title='bbox 1090 769 1169 850; x_wconf 86' lang='lat' dir='ltr'><strong>nisi</strong></span> <span class='ocrx_word' id='word_1_12' title='bbox 1186 769 1318 872; x_wconf 85' lang='lat' dir='ltr'><strong>fallor,</strong></span> 
     </span>
     <span class='ocr_line' id='line_1_4' title="bbox 268 904 1317 1013; baseline 0.001 -26"><span class='ocrx_word' id='word_1_13' title='bbox 268 907 544 1006; x_wconf 86' lang='lat' dir='ltr'><strong>desideratur3</strong></span> <span class='ocrx_word' id='word_1_14' title='bbox 574 904 665 985; x_wconf 90' lang='lat' dir='ltr'><strong>licet</strong></span> <span class='ocrx_word' id='word_1_15' title='bbox 692 904 737 984; x_wconf 93' lang='lat' dir='ltr'><strong>id</strong></span> <span class='ocrx_word' id='word_1_16' title='bbox 765 905 977 1010; x_wconf 86' lang='lat' dir='ltr'>diligenter</span> <span class='ocrx_word' id='word_1_17' title='bbox 1005 907 1222 1013; x_wconf 79' lang='lat' dir='ltr'><strong>quaesitum</strong></span> <span class='ocrx_word' id='word_1_18' title='bbox 1250 908 1317 1007; x_wconf 84' lang='lat' dir='ltr'><strong>sit,</strong></span> 
     </span>
     <span class='ocr_line' id='line_1_5' title="bbox 270 1039 1317 1154; baseline -0.001 -29"><span class='ocrx_word' id='word_1_19' title='bbox 270 1044 447 1126; x_wconf 84' lang='lat' dir='ltr'><strong>maxime</strong></span> <span class='ocrx_word' id='word_1_20' title='bbox 457 1043 567 1136; x_wconf 84' lang='lat' dir='ltr'><strong>inter</strong></span> <span class='ocrx_word' id='word_1_21' title='bbox 581 1070 627 1122; x_wconf 89' lang='lat' dir='ltr'><strong>ea</strong></span> <span class='ocrx_word' id='word_1_22' title='bbox 639 1069 730 1148; x_wconf 89' lang='lat' dir='ltr'><strong>quae</strong></span> <span class='ocrx_word' id='word_1_23' title='bbox 750 1039 858 1154; x_wconf 71' lang='lat' dir='ltr'><strong>fiunt</strong></span> <span class='ocrx_word' id='word_1_24' title='bbox 875 1069 924 1123; x_wconf 86' lang='lat' dir='ltr'><strong>ex</strong></span> <span class='ocrx_word' id='word_1_25' title='bbox 944 1044 1181 1130; x_wconf 88' lang='lat' dir='ltr'><strong>antimonio.</strong></span> <span class='ocrx_word' id='word_1_26' title='bbox 1238 1045 1317 1126; x_wconf 88' lang='lat' dir='ltr'><strong>Sed</strong></span> 
     </span>
     <span class='ocr_line' id='line_1_6' title="bbox 269 1177 1318 1288; baseline 0.001 -25"><span class='ocrx_word' id='word_1_27' title='bbox 269 1182 317 1263; x_wconf 90' lang='lat' dir='ltr'><strong>in</strong></span> <span class='ocrx_word' id='word_1_28' title='bbox 343 1203 455 1288; x_wconf 73' lang='lat' dir='ltr'><strong>tanta</strong></span> <span class='ocrx_word' id='word_1_29' title='bbox 483 1177 664 1260; x_wconf 87' lang='lat' dir='ltr'><strong>febrium</strong></span> <span class='ocrx_word' id='word_1_30' title='bbox 692 1179 879 1259; x_wconf 84' lang='lat' dir='ltr'><strong>varietate</strong></span> <span class='ocrx_word' id='word_1_31' title='bbox 907 1206 993 1259; x_wconf 90' lang='lat' dir='ltr'><strong>non</strong></span> <span class='ocrx_word' id='word_1_32' title='bbox 1021 1181 1235 1263; x_wconf 88' lang='lat' dir='ltr'><strong>verisimile</strong></span> <span class='ocrx_word' id='word_1_33' title='bbox 1256 1203 1318 1264; x_wconf 89' lang='lat' dir='ltr'><strong>est</strong></span> 
     </span>
     <span class='ocr_line' id='line_1_7' title="bbox 270 1315 1318 1424; baseline -0.003 -23"><span class='ocrx_word' id='word_1_34' title='bbox 270 1327 406 1402; x_wconf 84' lang='lat' dir='ltr'><strong>unum</strong></span> <span class='ocrx_word' id='word_1_35' title='bbox 434 1315 601 1423; x_wconf 86' lang='lat' dir='ltr'>aliquod</span> <span class='ocrx_word' id='word_1_36' title='bbox 628 1315 973 1396; x_wconf 83' lang='lat' dir='ltr'><strong>medicamentum</strong></span> <span class='ocrx_word' id='word_1_37' title='bbox 1001 1345 1114 1422; x_wconf 86' lang='lat' dir='ltr'><strong>posse</strong></span> <span class='ocrx_word' id='word_1_38' title='bbox 1140 1319 1318 1424; x_wconf 77' lang='lat' dir='ltr'><strong>reperiri,</strong></span> 
     </span>
    </p>
   </div>
   <div class='ocr_carea' id='block_1_3' title="bbox 139 1453 1315 1565">
    <p class='ocr_par' dir='ltr' id='par_1_3' title="bbox 139 1453 1315 1565">
     <span class='ocr_line' id='line_1_8' title="bbox 139 1453 1315 1565; baseline -0.002 -27"><span class='ocrx_word' id='word_1_39' title='bbox 139 1543 142 1550; x_wconf 69' lang='grc'>,</span> <span class='ocrx_word' id='word_1_40' title='bbox 270 1456 386 1565; x_wconf 94' lang='lat' dir='ltr'><strong>quod</strong></span> <span class='ocrx_word' id='word_1_41' title='bbox 398 1455 591 1534; x_wconf 90' lang='lat' dir='ltr'><strong>omnibus</strong></span> <span class='ocrx_word' id='word_1_42' title='bbox 607 1453 753 1562; x_wconf 89' lang='lat' dir='ltr'><strong>pariter</strong></span> <span class='ocrx_word' id='word_1_43' title='bbox 768 1455 990 1535; x_wconf 85' lang='lat' dir='ltr'><strong>conveniat.</strong></span> <span class='ocrx_word' id='word_1_44' title='bbox 1031 1456 1178 1537; x_wconf 88' lang='lat' dir='ltr'><strong>Primis</strong></span> <span class='ocrx_word' id='word_1_45' title='bbox 1193 1456 1315 1561; x_wconf 86' lang='lat' dir='ltr'><strong>hujus</strong></span> 
     </span>
    </p>
   </div>
   <div class='ocr_carea' id='block_1_4' title="bbox 217 1591 1391 4304">
    <p class='ocr_par' dir='ltr' id='par_1_4' title="bbox 217 1591 1377 4020">
     <span class='ocr_line' id='line_1_9' title="bbox 270 1591 1318 1695; baseline -0.001 -20"><span class='ocrx_word' id='word_1_46' title='bbox 270 1593 409 1674; x_wconf 88' lang='lat' dir='ltr'><strong>morbi</strong></span> <span class='ocrx_word' id='word_1_47' title='bbox 436 1592 593 1687; x_wconf 87' lang='lat' dir='ltr'><strong>diebus,</strong></span> <span class='ocrx_word' id='word_1_48' title='bbox 623 1591 801 1671; x_wconf 82' lang='lat' dir='ltr'><strong>remedia</strong></span> <span class='ocrx_word' id='word_1_49' title='bbox 826 1619 877 1671; x_wconf 84' lang='lat' dir='ltr'><strong>ex</strong></span> <span class='ocrx_word' id='word_1_50' title='bbox 895 1592 1122 1674; x_wconf 84' lang='lat' dir='ltr'><strong>antimonio</strong></span> <span class='ocrx_word' id='word_1_51' title='bbox 1142 1594 1318 1695; x_wconf 90' lang='lat' dir='ltr'><strong>mitiora,</strong></span> 
     </span>
     <span class='ocr_line' id='line_1_10' title="bbox 273 1727 1317 1840; baseline 0 -28"><span class='ocrx_word' id='word_1_52' title='bbox 273 1759 365 1840; x_wconf 85' lang='lat' dir='ltr'><strong>quae</strong></span> <span class='ocrx_word' id='word_1_53' title='bbox 377 1749 539 1810; x_wconf 87' lang='lat' dir='ltr'><strong>vomere</strong></span> <span class='ocrx_word' id='word_1_54' title='bbox 550 1727 713 1830; x_wconf 86' lang='lat' dir='ltr'><strong>faciant,</strong></span> <span class='ocrx_word' id='word_1_55' title='bbox 727 1750 766 1810; x_wconf 89' lang='lat' dir='ltr'><strong>et</strong></span> <span class='ocrx_word' id='word_1_56' title='bbox 778 1750 961 1810; x_wconf 89' lang='lat' dir='ltr'><strong>ventrem</strong></span> <span class='ocrx_word' id='word_1_57' title='bbox 973 1730 1142 1831; x_wconf 89' lang='lat' dir='ltr'><strong>solvant,</strong></span> <span class='ocrx_word' id='word_1_58' title='bbox 1153 1757 1317 1812; x_wconf 88' lang='lat' dir='ltr'><strong>summo</strong></span> 
     </span>
     <span class='ocr_line' id='line_1_11' title="bbox 272 1866 1317 1975; baseline -0.002 -24"><span class='ocrx_word' id='word_1_59' title='bbox 272 1891 378 1951; x_wconf 89' lang='lat' dir='ltr'><strong>certe</strong></span> <span class='ocrx_word' id='word_1_60' title='bbox 396 1889 493 1948; x_wconf 91' lang='lat' dir='ltr'><strong>sunt</strong></span> <span class='ocrx_word' id='word_1_61' title='bbox 508 1866 677 1966; x_wconf 80' lang='lat' dir='ltr'><strong>auxili03</strong></span> <span class='ocrx_word' id='word_1_62' title='bbox 697 1893 771 1948; x_wconf 87' lang='lat' dir='ltr'><strong>nec</strong></span> <span class='ocrx_word' id='word_1_63' title='bbox 786 1887 923 1947; x_wconf 84' lang='lat' dir='ltr'><strong>tamen</strong></span> <span class='ocrx_word' id='word_1_64' title='bbox 937 1867 1114 1974; x_wconf 89' lang='lat' dir='ltr'><strong>comperi</strong></span> <span class='ocrx_word' id='word_1_65' title='bbox 1130 1897 1176 1949; x_wconf 89' lang='lat' dir='ltr'><strong>ea</strong></span> <span class='ocrx_word' id='word_1_66' title='bbox 1190 1867 1317 1975; x_wconf 82' lang='lat' dir='ltr'><strong>magis</strong></span> 
     </span>
     <span class='ocr_line' id='line_1_12' title="bbox 272 1992 1318 2113; baseline -0.001 -28"><span class='ocrx_word' id='word_1_67' title='bbox 272 2005 473 2113; x_wconf 80' lang='lat' dir='ltr'><strong>prodesse,</strong></span> <span class='ocrx_word' id='word_1_68' title='bbox 492 2031 620 2110; x_wconf 89' lang='lat' dir='ltr'><strong>quam</strong></span> <span class='ocrx_word' id='word_1_69' title='bbox 634 2002 787 2110; x_wconf 87' lang='lat' dir='ltr'><strong>quaevis</strong></span> <span class='ocrx_word' id='word_1_70' title='bbox 800 2003 888 2102; x_wconf 87' lang='lat' dir='ltr'><strong>alia,</strong></span> <span class='ocrx_word' id='word_1_71' title='bbox 902 1992 1004 2110; x_wconf 62' lang='lat' dir='ltr'><strong>&#39;quae</strong></span> <span class='ocrx_word' id='word_1_72' title='bbox 1020 2003 1106 2110; x_wconf 90' lang='lat' dir='ltr'><strong>pari</strong></span> <span class='ocrx_word' id='word_1_73' title='bbox 1125 2003 1167 2084; x_wconf 88' lang='lat' dir='ltr'><strong>vi</strong></span> <span class='ocrx_word' id='word_1_74' title='bbox 1179 2005 1318 2086; x_wconf 87' lang='lat' dir='ltr'><strong>alvum</strong></span> 
     </span>
     <span class='ocr_line' id='line_1_13' title="bbox 273 2139 1320 2254; baseline 0 -32"><span class='ocrx_word' id='word_1_75' title='bbox 273 2163 314 2222; x_wconf 87' lang='lat' dir='ltr'><strong>et</strong></span> <span class='ocrx_word' id='word_1_76' title='bbox 329 2139 811 2254; x_wconf 16' lang='lat' dir='ltr'><strong>stomachum-solicitent,</strong></span> <span class='ocrx_word' id='word_1_77' title='bbox 857 2141 1001 2220; x_wconf 90' lang='lat' dir='ltr'><strong>Multis</strong></span> <span class='ocrx_word' id='word_1_78' title='bbox 1022 2141 1190 2246; x_wconf 89' lang='lat' dir='ltr'><strong>expertis</strong></span> <span class='ocrx_word' id='word_1_79' title='bbox 1205 2161 1246 2222; x_wconf 92' lang='lat' dir='ltr'><strong>et</strong></span> <span class='ocrx_word' id='word_1_80' title='bbox 1260 2169 1320 2222; x_wconf 82' lang='lat' dir='ltr'><strong>sa·</strong></span> 
     </span>
     <span class='ocr_line' id='line_1_14' title="bbox 217 2259 1320 2390; baseline 0 -32"><span class='ocrx_word' id='word_1_81' title='bbox 217 2259 222 2368; x_wconf 26' lang='lat'><strong>¹,</strong></span> <span class='ocrx_word' id='word_1_82' title='bbox 274 2277 619 2390; x_wconf 83' lang='lat' dir='ltr'><strong>gacibusmedicis</strong></span> <span class='ocrx_word' id='word_1_83' title='bbox 635 2303 870 2383; x_wconf 87' lang='lat' dir='ltr'><strong>persuasum</strong></span> <span class='ocrx_word' id='word_1_84' title='bbox 879 2299 937 2358; x_wconf 89' lang='lat' dir='ltr'><strong>est</strong></span> <span class='ocrx_word' id='word_1_85' title='bbox 949 2278 1223 2362; x_wconf 90' lang='lat' dir='ltr'><strong>antimonium</strong></span> <span class='ocrx_word' id='word_1_86' title='bbox 1235 2305 1320 2358; x_wconf 91' lang='lat' dir='ltr'><strong>non</strong></span> 
     </span>
     <span class='ocr_line' id='line_1_15' title="bbox 275 2413 1319 2522; baseline 0 -26"><span class='ocrx_word' id='word_1_87' title='bbox 275 2417 410 2496; x_wconf 86' lang='lat' dir='ltr'><strong>solum</strong></span> <span class='ocrx_word' id='word_1_88' title='bbox 439 2413 706 2494; x_wconf 84' lang='lat' dir='ltr'><strong>exinaniendo</strong></span> <span class='ocrx_word' id='word_1_89' title='bbox 735 2414 1021 2514; x_wconf 87' lang='lat' dir='ltr'><strong>ventriculum,</strong></span> <span class='ocrx_word' id='word_1_90' title='bbox 1053 2436 1093 2495; x_wconf 93' lang='lat' dir='ltr'><strong>et</strong></span> <span class='ocrx_word' id='word_1_91' title='bbox 1120 2415 1319 2522; x_wconf 89' lang='lat' dir='ltr'><strong>principio</strong></span> 
     </span>
     <span class='ocr_line' id='line_1_16' title="bbox 236 2550 1319 2658; baseline 0 -24"><span class='ocrx_word' id='word_1_92' title='bbox 236 2617 239 2624; x_wconf 73' lang='lat'><strong>,</strong></span> <span class='ocrx_word' id='word_1_93' title='bbox 275 2554 425 2652; x_wconf 87' lang='lat' dir='ltr'><strong>morbi,</strong></span> <span class='ocrx_word' id='word_1_94' title='bbox 444 2552 514 2632; x_wconf 91' lang='lat' dir='ltr'><strong>sed</strong></span> <span class='ocrx_word' id='word_1_95' title='bbox 534 2550 680 2658; x_wconf 85' lang='lat' dir='ltr'><strong>quovis</strong></span> <span class='ocrx_word' id='word_1_96' title='bbox 700 2572 881 2656; x_wconf 89' lang='lat' dir='ltr'><strong>tempore</strong></span> <span class='ocrx_word' id='word_1_97' title='bbox 897 2551 995 2631; x_wconf 90' lang='lat' dir='ltr'><strong>utile</strong></span> <span class='ocrx_word' id='word_1_98' title='bbox 1015 2577 1109 2651; x_wconf 87' lang='lat' dir='ltr'><strong>esse,</strong></span> <span class='ocrx_word' id='word_1_99' title='bbox 1137 2552 1229 2633; x_wconf 90' lang='lat' dir='ltr'><strong>licet</strong></span> <span class='ocrx_word' id='word_1_100' title='bbox 1247 2579 1319 2634; x_wconf 91' lang='lat' dir='ltr'><strong>nec</strong></span> 
     </span>
     <span class='ocr_line' id='line_1_17' title="bbox 276 2687 1321 2794; baseline -0.002 -24"><span class='ocrx_word' id='word_1_101' title='bbox 276 2689 470 2788; x_wconf 77' lang='lat' dir='ltr'><strong>vomitus,</strong></span> <span class='ocrx_word' id='word_1_102' title='bbox 497 2715 629 2794; x_wconf 88' lang='lat' dir='ltr'><strong>neque</strong></span> <span class='ocrx_word' id='word_1_103' title='bbox 648 2687 900 2793; x_wconf 88' lang='lat' dir='ltr'><strong>dejectiones,</strong></span> <span class='ocrx_word' id='word_1_104' title='bbox 927 2715 1059 2794; x_wconf 90' lang='lat' dir='ltr'><strong>neque</strong></span> <span class='ocrx_word' id='word_1_105' title='bbox 1072 2687 1243 2769; x_wconf 85' lang='lat' dir='ltr'><strong>sudores</strong></span> <span class='ocrx_word' id='word_1_106' title='bbox 1264 2717 1321 2768; x_wconf 86' lang='lat' dir='ltr'><strong>se-</strong></span> 
     </span>
     <span class='ocr_line' id='line_1_18' title="bbox 276 2823 1377 2933; baseline 0 -27"><span class='ocrx_word' id='word_1_107' title='bbox 276 2848 470 2933; x_wconf 84' lang='lat' dir='ltr'><strong>quantur.</strong></span> <span class='ocrx_word' id='word_1_108' title='bbox 528 2823 738 2904; x_wconf 89' lang='lat' dir='ltr'><strong>Nimirum</strong></span> <span class='ocrx_word' id='word_1_109' title='bbox 753 2824 798 2903; x_wconf 88' lang='lat' dir='ltr'><strong>io</strong></span> <span class='ocrx_word' id='word_1_110' title='bbox 817 2852 862 2904; x_wconf 87' lang='lat' dir='ltr'><strong>ea</strong></span> <span class='ocrx_word' id='word_1_111' title='bbox 876 2847 973 2906; x_wconf 90' lang='lat' dir='ltr'><strong>sunt</strong></span> <span class='ocrx_word' id='word_1_112' title='bbox 988 2824 1191 2932; x_wconf 90' lang='lat' dir='ltr'><strong>opinione,</strong></span> <span class='ocrx_word' id='word_1_113' title='bbox 1219 2826 1322 2906; x_wconf 85' lang='lat' dir='ltr'><strong>anti-</strong></span> <span class='ocrx_word' id='word_1_114' title='bbox 1372 2915 1377 2922; x_wconf 52' lang='grc'><strong>,</strong></span> 
     </span>
     <span class='ocr_line' id='line_1_19' title="bbox 276 2960 1323 3068; baseline -0.004 -22"><span class='ocrx_word' id='word_1_115' title='bbox 276 2962 468 3046; x_wconf 89' lang='lat' dir='ltr'><strong>monium</strong></span> <span class='ocrx_word' id='word_1_116' title='bbox 496 2983 644 3045; x_wconf 88' lang='lat' dir='ltr'><strong>secreta</strong></span> <span class='ocrx_word' id='word_1_117' title='bbox 673 2960 852 3068; x_wconf 87' lang='lat' dir='ltr'><strong>quadam</strong></span> <span class='ocrx_word' id='word_1_118' title='bbox 883 2961 1072 3043; x_wconf 88' lang='lat' dir='ltr'><strong>facultate</strong></span> <span class='ocrx_word' id='word_1_119' title='bbox 1099 2963 1323 3068; x_wconf 85' lang='lat' dir='ltr'><strong>praeditum</strong></span> 
     </span>
     <span class='ocr_line' id='line_1_20' title="bbox 268 3096 1323 3205; baseline -0.001 -25"><span class='ocrx_word' id='word_1_120' title='bbox 268 3127 372 3200; x_wconf 83' lang='lat' dir='ltr'><strong>esse,</strong></span> <span class='ocrx_word' id='word_1_121' title='bbox 411 3127 494 3205; x_wconf 90' lang='lat' dir='ltr'><strong>qua</strong></span> <span class='ocrx_word' id='word_1_122' title='bbox 522 3096 570 3178; x_wconf 86' lang='lat' dir='ltr'><strong>fit</strong></span> <span class='ocrx_word' id='word_1_123' title='bbox 598 3097 649 3178; x_wconf 90' lang='lat' dir='ltr'><strong>ad</strong></span> <span class='ocrx_word' id='word_1_124' title='bbox 678 3096 809 3178; x_wconf 78' lang='lat' dir='ltr'><strong>febres</strong></span> <span class='ocrx_word' id='word_1_125' title='bbox 839 3097 999 3204; x_wconf 90' lang='lat' dir='ltr'><strong>proprie</strong></span> <span class='ocrx_word' id='word_1_126' title='bbox 1027 3096 1176 3178; x_wconf 87' lang='lat' dir='ltr'><strong>efficax.</strong></span> <span class='ocrx_word' id='word_1_127' title='bbox 1234 3101 1323 3179; x_wconf 93' lang='lat' dir='ltr'><strong>Ho-</strong></span> 
     </span>
     <span class='ocr_line' id='line_1_21' title="bbox 277 3233 1324 3341; baseline 0.001 -27"><span class='ocrx_word' id='word_1_128' title='bbox 277 3261 373 3315; x_wconf 85' lang='lat' dir='ltr'><strong>rum</strong></span> <span class='ocrx_word' id='word_1_129' title='bbox 387 3234 525 3340; x_wconf 82' lang='lat' dir='ltr'><strong>itaque</strong></span> <span class='ocrx_word' id='word_1_130' title='bbox 535 3233 693 3341; x_wconf 90' lang='lat' dir='ltr'><strong>judicio</strong></span> <span class='ocrx_word' id='word_1_131' title='bbox 707 3255 872 3315; x_wconf 89' lang='lat' dir='ltr'><strong>tantum</strong></span> <span class='ocrx_word' id='word_1_132' title='bbox 885 3234 1027 3334; x_wconf 86' lang='lat' dir='ltr'><strong>tribui,</strong></span> <span class='ocrx_word' id='word_1_133' title='bbox 1045 3257 1093 3315; x_wconf 91' lang='lat' dir='ltr'><strong>ut</strong></span> <span class='ocrx_word' id='word_1_134' title='bbox 1107 3233 1324 3315; x_wconf 87' lang='lat' dir='ltr'><strong>antimonii</strong></span> 
     </span>
     <span class='ocr_line' id='line_1_22' title="bbox 236 3369 1324 3478; baseline 0 -28"><span class='ocrx_word' id='word_1_135' title='bbox 236 3403 240 3412; x_wconf 68' lang='grc'>’</span> <span class='ocrx_word' id='word_1_136' title='bbox 277 3369 492 3450; x_wconf 84' lang='lat' dir='ltr'><strong>tartarisati</strong></span> <span class='ocrx_word' id='word_1_137' title='bbox 503 3369 639 3475; x_wconf 84' lang='lat' dir='ltr'><strong>granis</strong></span> <span class='ocrx_word' id='word_1_138' title='bbox 656 3391 832 3477; x_wconf 92' lang='lat' dir='ltr'><strong>quatuor</strong></span> <span class='ocrx_word' id='word_1_139' title='bbox 842 3371 888 3452; x_wconf 88' lang='lat' dir='ltr'><strong>in</strong></span> <span class='ocrx_word' id='word_1_140' title='bbox 900 3397 1020 3478; x_wconf 87' lang='lat' dir='ltr'><strong>aquae</strong></span> <span class='ocrx_word' id='word_1_141' title='bbox 1032 3370 1234 3454; x_wconf 86' lang='lat' dir='ltr'><strong>distillatoe</strong></span> <span class='ocrx_word' id='word_1_142' title='bbox 1245 3397 1324 3452; x_wconf 90' lang='lat' dir='ltr'><strong>un-</strong></span> 
     </span>
     <span class='ocr_line' id='line_1_23' title="bbox 276 3505 1323 3612; baseline 0.001 -24"><span class='ocrx_word' id='word_1_143' title='bbox 276 3505 349 3588; x_wconf 86' lang='lat' dir='ltr'><strong>ciis</strong></span> <span class='ocrx_word' id='word_1_144' title='bbox 366 3528 543 3612; x_wconf 87' lang='lat' dir='ltr'><strong>quatuor</strong></span> <span class='ocrx_word' id='word_1_145' title='bbox 557 3507 775 3608; x_wconf 80' lang='lat' dir='ltr'><strong>dissolutis,</strong></span> <span class='ocrx_word' id='word_1_146' title='bbox 792 3507 976 3589; x_wconf 89' lang='lat' dir='ltr'><strong>dederim</strong></span> <span class='ocrx_word' id='word_1_147' title='bbox 993 3507 1203 3588; x_wconf 89' lang='lat' dir='ltr'><strong>drachmas</strong></span> <span class='ocrx_word' id='word_1_148' title='bbox 1223 3507 1323 3589; x_wconf 89' lang='lat' dir='ltr'><strong>duas</strong></span> 
     </span>
     <span class='ocr_line' id='line_1_24' title="bbox 277 3643 1332 3752; baseline 0 -28"><span class='ocrx_word' id='word_1_149' title='bbox 277 3669 327 3724; x_wconf 83' lang='lat' dir='ltr'><strong>ex</strong></span> <span class='ocrx_word' id='word_1_150' title='bbox 337 3645 730 3752; x_wconf 84' lang='lat' dir='ltr'><strong>aquaesesquiuncia</strong></span> <span class='ocrx_word' id='word_1_151' title='bbox 752 3667 860 3726; x_wconf 84' lang='lat' dir='ltr'><strong>sexta</strong></span> <span class='ocrx_word' id='word_1_152' title='bbox 875 3673 1039 3752; x_wconf 88' lang='lat' dir='ltr'><strong>quaque</strong></span> <span class='ocrx_word' id='word_1_153' title='bbox 1050 3643 1160 3726; x_wconf 89' lang='lat' dir='ltr'><strong>hora.</strong></span> <span class='ocrx_word' id='word_1_154' title='bbox 1204 3645 1332 3738; x_wconf 56' lang='lat' dir='ltr'><strong>Pauci⁸</strong></span> 
     </span>
     <span class='ocr_line' id='line_1_25' title="bbox 277 3779 1323 3895; baseline 0.002 -35"><span class='ocrx_word' id='word_1_155' title='bbox 277 3779 410 3862; x_wconf 86' lang='lat' dir='ltr'><strong>ferent</strong></span> <span class='ocrx_word' id='word_1_156' title='bbox 424 3782 621 3888; x_wconf 87' lang='lat' dir='ltr'><strong>majorem</strong></span> <span class='ocrx_word' id='word_1_157' title='bbox 635 3781 810 3864; x_wconf 87' lang='lat' dir='ltr'><strong>modum</strong></span> <span class='ocrx_word' id='word_1_158' title='bbox 824 3782 911 3864; x_wconf 89' lang='lat' dir='ltr'><strong>sine</strong></span> <span class='ocrx_word' id='word_1_159' title='bbox 926 3810 1087 3863; x_wconf 85' lang='lat' dir='ltr'><strong>nausea.</strong></span> <span class='ocrx_word' id='word_1_160' title='bbox 1147 3781 1323 3895; x_wconf 79' lang='lat' dir='ltr'><strong>Quodsi</strong></span> 
     </span>
     <span class='ocr_line' id='line_1_26' title="bbox 277 3917 1324 4020; baseline -0.001 -20"><span class='ocrx_word' id='word_1_161' title='bbox 277 3917 374 4000; x_wconf 86' lang='lat' dir='ltr'><strong>duae</strong></span> <span class='ocrx_word' id='word_1_162' title='bbox 387 3919 510 4000; x_wconf 83' lang='lat' dir='ltr'><strong>etiam</strong></span> <span class='ocrx_word' id='word_1_163' title='bbox 520 3920 737 4020; x_wconf 85' lang='lat' dir='ltr'><strong>drachmae,</strong></span> <span class='ocrx_word' id='word_1_164' title='bbox 754 3943 804 4002; x_wconf 91' lang='lat' dir='ltr'><strong>ut</strong></span> <span class='ocrx_word' id='word_1_165' title='bbox 822 3920 1030 4008; x_wconf 89' lang='lat' dir='ltr'><strong>interdum</strong></span> <span class='ocrx_word' id='word_1_166' title='bbox 1042 3917 1103 4020; x_wconf 91' lang='lat' dir='ltr'><strong>fit,</strong></span> <span class='ocrx_word' id='word_1_167' title='bbox 1121 3917 1324 4001; x_wconf 83' lang='lat' dir='ltr'><strong>vomitum</strong></span> 
     </span>
    </p>

    <p class='ocr_par' dir='ltr' id='par_1_5' title="bbox 278 4033 1391 4304">
     <span class='ocr_line' id='line_1_27' title="bbox 278 4033 1391 4164; baseline 0 -26"><span class='ocrx_word' id='word_1_168' title='bbox 278 4079 484 4155; x_wconf 85' lang='lat' dir='ltr'><strong>moveant,</strong></span> <span class='ocrx_word' id='word_1_169' title='bbox 505 4059 719 4140; x_wconf 86' lang='lat' dir='ltr'><strong>commode</strong></span> <span class='ocrx_word' id='word_1_170' title='bbox 738 4059 982 4140; x_wconf 86' lang='lat' dir='ltr'><strong>dividuntur</strong></span> <span class='ocrx_word' id='word_1_171' title='bbox 1000 4057 1045 4138; x_wconf 95' lang='lat' dir='ltr'><strong>in</strong></span> <span class='ocrx_word' id='word_1_172' title='bbox 1064 4078 1193 4164; x_wconf 89' lang='lat' dir='ltr'><strong>partes</strong></span> <span class='ocrx_word' id='word_1_173' title='bbox 1212 4057 1323 4156; x_wconf 83' lang='lat' dir='ltr'><strong>duas,</strong></span> <span class='ocrx_word' id='word_1_174' title='bbox 1383 4033 1391 4040; x_wconf 34' lang='lat'>⁸</span> 
     </span>
     <span class='ocr_line' id='line_1_28' title="bbox 279 4171 1323 4304; baseline 0.001 -30"><span class='ocrx_word' id='word_1_175' title='bbox 279 4171 375 4300; x_wconf 70' lang='lat' dir='ltr'><strong>ouae</strong></span> <span class='ocrx_word' id='word_1_176' title='bbox 388 4195 623 4304; x_wconf 89' lang='lat' dir='ltr'><strong>interposita</strong></span> <span class='ocrx_word' id='word_1_177' title='bbox 635 4195 837 4278; x_wconf 86' lang='lat' dir='ltr'><strong>semihora</strong></span> <span class='ocrx_word' id='word_1_178' title='bbox 852 4195 1063 4279; x_wconf 86' lang='lat' dir='ltr'><strong>sumendae</strong></span> <span class='ocrx_word' id='word_1_179' title='bbox 1081 4216 1188 4277; x_wconf 87' lang='lat' dir='ltr'><strong>sunt.</strong></span> <span class='ocrx_word' id='word_1_180' title='bbox 1233 4195 1323 4276; x_wconf 88' lang='lat' dir='ltr'><strong>Hoc</strong></span> 
     </span>
    </p>
   </div>
   <div class='ocr_carea' id='block_1_5' title="bbox 0 0 1518 5086">
    <p class='ocr_par' dir='ltr' id='par_1_6' title="bbox 0 0 1518 5086">
     <span class='ocr_line' id='line_1_29' title="bbox 0 0 1518 5086; baseline 0 0"><span class='ocrx_word' id='word_1_181' title='bbox 0 0 1518 5086; x_wconf 95' lang='lat' dir='ltr'><strong> </strong></span> 
     </span>
    </p>
   </div>
  </div>
 </body>
</html>
