3002 5086
642 539 742 656 197

166 747 375 852 concidat3
404 751 468 832 vel
487 775 604 858 aegre,
631 771 672 834 et
706 776 861 860 magno·
887 773 1051 854 conatu,
1077 754 1206 836 valeat

165 889 332 972 tandem
346 915 387 970 se
407 888 591 993 colligere
598 885 636 968 *.
748 869 752 876 ⁴
794 993 797 1000 Ι

213 1025 374 1108 omnia
391 1023 477 1106 haec
496 1024 603 1104 mala
621 1022 728 1106 viros
742 1023 1136 1134 hypochondriacos,
1166 1047 1206 1107 et

163 1161 352 1242 mulieres
367 1159 585 1271 hystericas
601 1159 749 1268 pariter
767 1157 961 1242 exercent.
1010 1161 1115 1242 Sunt
1134 1189 1206 1242 au·

162 1319 247 1380 tem
266 1297 312 1378 in
330 1297 393 1378 his
413 1298 604 1406 quaedam
617 1297 779 1398 leviora,
793 1297 984 1406 quaedam
996 1297 1205 1399 severiora,

164 1462 293 1546 quarn
312 1432 357 1514 in
375 1434 585 1536 maribus;
614 1435 690 1516 alia
708 1433 831 1516 etiam
850 1433 999 1516 harum
1012 1433 1095 1516 fere
1114 1452 1207 1541 pro·

161 1569 261 1684 pria,
320 1571 536 1688 Demissio,
550 1594 591 1654 et
604 1569 792 1652 infractio
807 1571 1057 1671 animorum,
1076 1571 1206 1652 solent

161 1735 245 1789 esse
259 1707 437 1790 minores
452 1708 497 1789 in
510 1707 708 1808 foeminis,
723 1735 851 1816 quam
865 1707 910 1788 in
924 1706 1045 1807 viris3
1072 1707 1142 1788 sed
1161 1707 1213 1788 in.

160 1845 240 1926 illis
255 1845 388 1927 multo
404 1845 547 1953 saepius
561 1844 710 1928 mentis
725 1843 932 1926 facultates
945 1869 1108 1950 prorsus
1123 1863 1207 1923 tor-

160 2003 278 2090 pent;
308 2003 456 2064 stamas
468 2009 551 2064 esse
563 1983 727 2083 diceres,
740 1981 892 2088 gaudio
905 2003 975 2062 aut
989 1979 1126 2061 dolore
1137 1978 1207 2058 vix

159 2119 397 2202 movendas.
421 2120 582 2202 Animae
594 2119 836 2202 defectiones
848 2119 978 2226 magis
989 2115 1207 2198 familiares

162 2279 262 2340 sunt
279 2257 325 2338 in
353 2285 451 2340 sexu
468 2257 674 2357 muliebri,
706 2257 805 2338 item
824 2255 1086 2339 distentiones
1113 2281 1206 2361 quae

162 2416 364 2476 vocantur
391 2395 613 2504 hystericae,
641 2423 665 2476 a
693 2395 845 2501 quibus
872 2393 1050 2500 corporis
1079 2393 1209 2474 robur

162 2532 297 2642 majus
327 2551 458 2638 potest
480 2531 588 2613 viros
616 2529 840 2613 defendere.
899 2529 1207 2612 Distentionum

162 2667 406 2751 accessiones
433 2695 535 2776 saepe
557 2669 784 2752 ¹excitantur
811 2667 890 2750 levi
910 2667 1089 2776 quadam
1119 2695 1209 2750 sen·

163 2833 292 2890 suum
311 2827 382 2888 aut
409 2805 539 2888 animi
562 2803 784 2904 affectione,
811 2827 851 2888 et
878 2804 1054 2912 incipere
1074 2805 1208 2886 'solent

202 3037 338 3120 *Qualis
346 3058 483 3100 sensuum
492 3037 624 3100 confusio
633 3037 774 3100 inferatur
782 3039 819 3100 ab
827 3036 935 3100 affectu
943 3037 1211 3122 hypochondriaco,

163 3143 289 3224 intelligi
301 3157 397 3222 potest
406 3161 440 3201 ex
451 3157 588 3219 sequente
601 3141 731 3202 historia.
770 3141 826 3203 Vir
835 3141 913 3201 circa
925 3141 1109 3222 trigesimum
1119 3137 1211 3204 utatis

163 3267 288 3317 annum,
309 3246 369 3306 sine
387 3245 490 3322 quavis
510 3243 664 3306 manifesta
682 3265 779 3316 causa,
799 3245 900 3306 incidit
921 3245 951 3304 in
972 3261 1095 3326 gravem
1118 3241 1209 3302 anistri

163 3349 354 3432 languorem,
383 3367 514 3426 quocum
535 3348 644 3410 diutius
672 3347 903 3410 conflictabatur.
943 3345 1092 3416 Tandem,
1113 3346 1211 3408 nescio

164 3451 336 3532 quajudicii
347 3451 533 3532 perversitate
541 3465 649 3522 motus,
661 3451 807 3513 novacula
817 3465 942 3530 arrepta,
955 3468 1060 3528 penem
1069 3463 1213 3512 scrotum-

165 3575 225 3633 que
245 3555 299 3616 sibi
319 3554 451 3615 abscidit.
493 3553 654 3630 Postquam
672 3553 779 3614 vulnus
799 3567 935 3614 sanatum
952 3569 1037 3624 esset,
1056 3551 1117 3632 ipse
1131 3551 1212 3612 ultro

164 3659 273 3726 aiebat,
292 3657 420 3718 maxime
436 3657 545 3717 mirum
566 3657 618 3715 sibi
632 3655 735 3728 videti,
755 3657 832 3716 unde
850 3653 911 3716 lieri
932 3657 1082 3733 potuisset,
1101 3669 1222 3742 uttam

148 3745 152 3750 ⁵
166 3761 298 3823 immane
311 3759 424 3824 sasinus
437 3753 567 3831 auderet,
587 3761 638 3838 qui
653 3759 724 3820 alias
744 3779 858 3837 semper
871 3757 967 3820 timidi
987 3757 1083 3822 fueret
1095 3757 1214 3840 ingenii,

166 3867 206 3924 sic
218 3879 253 3930 ut
265 3883 372 3930 venam
390 3863 478 3926 incidi
492 3883 552 3924 non
565 3863 750 3924 mediocriter
762 3876 916 3932 metueret,
935 3881 1031 3940 neque
1044 3862 1104 3924 sine
1117 3859 1213 3920 multa

167 3967 386 4048 perturbatione
399 3965 548 4034 tantulum
561 3963 770 4032 vulnusculum
784 3965 924 4032 sustinere
937 3979 1050 4044 posset:
1073 3963 1151 4023 idem
1171 3979 1215 4023 ts-

168 4091 237 4132 men
249 4073 286 4132 ab
296 4071 377 4132 omni
391 4085 472 4132 metu
482 4071 555 4130 liber
567 4069 634 4141 fuit,
649 4072 722 4131 duro
736 4070 969 4148 amputationem
982 4069 1151 4148 predictam
1162 4088 1215 4148 ag-

168 4175 342 4256 grederetur
365 4173 475 4234 doloris
488 4187 576 4250 atque
597 4173 716 4253 periculi
731 4173 867 4252 plenam
888 4191 981 4258 quam
996 4190 1093 4250 porro,
1106 4183 1140 4230 ut
1153 4169 1214 4249 ipse

163 4277 242 4338 'mihi
252 4277 345 4338 fessus
354 4291 409 4348 est,
427 4277 612 4337 neminimus
626 4277 735 4336 doloris
748 4295 846 4336 sensus
857 4291 971 4334 secutus
984 4289 1036 4335 est.

212 4379 320 4440 Similis
332 4379 453 4440 historia
462 4377 570 4462 legitur
578 4379 608 4442 in
616 4373 691 4442 libro
702 4379 749 4444 cui
759 4377 870 4452 titulus,
885 4375 1010 4441 Memmi
1022 4371 1213 4438 consumsim-

173 4483 254 4560 rom,
274 4483 334 4547 vol.
348 4483 379 4550 ii,
388 4503 421 4566 p.
431 4485 480 4546 st.
