3016 5076
630 494 700 596 43

192 703 332 786 Usum
350 699 651 810 longissimum,
669 723 710 783 et
729 701 952 784 maximam
970 697 1099 786 animi
1117 704 1184 788 ni-

135 839 364 922 tentionem
382 839 427 918 in
446 839 686 945 indagandis
698 839 940 921 morborum
960 843 1128 944 naturis,
1138 863 1183 926 et

135 975 326 1060 remediis
334 1001 490 1075 eorum,
497 1001 613 1080 perse
621 972 772 1055 frustra
779 1001 874 1076 esse,
881 975 1050 1059 nisifors
1057 978 1180 1060 etiam

134 1113 276 1222 aliqua
294 1110 511 1210 accesserit,
529 1137 626 1192 cum
644 1137 693 1192 ex
711 1111 797 1192 aliis
816 1110 972 1194 morbis
991 1113 1182 1222 intelligi-

134 1275 247 1346 mus,
270 1270 364 1334 tum
382 1246 558 1328 maxime
576 1273 624 1328 ex
643 1247 865 1330 arthritide.
901 1303 905 1314 -
924 1249 1180 1363 Quanquam

135 1385 252 1466 enim
270 1383 337 1464 hic
352 1383 521 1467 morbus
536 1383 648 1490 prior
658 1383 834 1465 extiterit
845 1383 972 1492 quam
983 1386 1181 1494 antiquis-

136 1519 342 1600 simorum
361 1519 613 1600 medicorum
629 1519 789 1626 scripta,
802 1541 842 1600 et
860 1519 963 1600 nulli
981 1521 1092 1626 genti
1107 1548 1181 1606 nec

138 1657 288 1736 saeculo
306 1655 542 1762 pepercerit3
563 1682 804 1762 quanquam
822 1655 958 1756 etiam,
968 1677 1017 1738 ut
1027 1655 1184 1764 Syden·

140 1790 269 1871 hamo
288 1789 463 1891 videtur,
492 1789 691 1896 praecipue
713 1813 879 1898 occupet
898 1791 1005 1873 viros
1033 1791 1180 1874 mentis

140 1927 332 2008 acumine
350 1947 390 2006 et
408 1926 563 2033 ingenii
582 1927 738 2008 viribus
758 1947 1000 2032 praestantes,
1029 1927 1116 2034 qui,
1132 1949 1182 2012 ut

121 2169 124 2180 ἡ
142 2063 304 2162 vellent,
322 2063 379 2142 sic
390 2062 513 2142 etiam
527 2085 687 2170 possent
701 2065 1000 2172 qualescunque
1019 2064 1180 2146 notitias

142 2227 167 2280 o
186 2177 355 2278 consilio
366 2198 430 2279 vel
446 2197 552 2280 forte
564 2199 758 2306 profectas
778 2200 968 2308 arripere;
997 2201 1110 2282 nulla
1123 2222 1183 2282 ta-

143 2361 241 2415 men
266 2335 401 2415 adhuc
420 2335 630 2416 obscurior
658 2336 825 2442 quaestio
845 2359 916 2436 est,
944 2363 1071 2443 quam
1090 2365 1182 2444 quae

144 2493 328 2552 versatur
346 2470 396 2552 de
415 2470 537 2577 hujus
556 2473 692 2553 morbi
711 2473 853 2572 causis,
878 2471 1183 2582 effectibusque,

146 2631 185 2690 et
201 2607 400 2688 remediis.
457 2609 751 2709 Veruntamen,
771 2637 867 2689 cum
887 2610 1079 2692 omnibus
1093 2611 1182 2717 jan

146 2771 382 2854 persuasum
407 2765 479 2844 est,
502 2741 761 2854 arthritidem‘¹
782 2746 1055 2828 sinesummo
1080 2748 1184 2853 peri-

149 2885 240 2963 culo
257 2881 404 2989 ¹fugari
417 2909 503 2962 non
517 2909 644 2989 posse,
663 2911 829 2990 aequum
840 2905 899 2964 est
923 2905 972 2964 ut
989 2883 1056 2968 hic
1074 2909 1187 2966 mor-

147 3019 224 3101 bus
245 3019 410 3100 medicis
429 3019 541 3100 haud
560 3019 732 3126 amplius
752 3019 965 3125 objiciatur
987 3041 1186 3126 tanquam

148 3156 242 3239 artis
266 3183 346 3244 auae
366 3156 650 3263 opprobrium,
668 3155 796 3236 donec
813 3155 908 3262 aegri
926 3177 1058 3238 metus
1077 3183 1185 3257 suos,

149 3292 283 3374 nescio
295 3321 412 3400 quos,
422 3293 641 3399 deponant,
651 3314 691 3372 et
701 3293 827 3374 velint
841 3291 982 3373 sanari.
1012 3293 1186 3374 Utinam

148 3449 233 3518 tam
260 3430 306 3508 in
335 3451 532 3536 promptu
559 3451 660 3510 esset
677 3428 872 3529 invenire,
901 3455 1027 3536 quam
1046 3449 1186 3510 tutum
1273 3431 1280 3446 ‘

150 3565 341 3646 adbibere
359 3565 548 3674 podagrae
567 3563 804 3646 remedium.

202 3705 253 3784 In
271 3702 494 3804 arthritide,
512 3731 597 3784 non
610 3704 744 3783 solum
764 3725 887 3804 artus,
905 3730 1048 3786 verum
1064 3701 1187 3784 etiam

148 3839 373 3940 cerebrum,
391 3839 652 3939 ventriculus,
671 3861 711 3919 et
729 3839 931 3939 intestina,
950 3867 1056 3946 saepe
1075 3837 1187 3920 labo-

149 4000 250 4060 rant.
310 3975 508 4058 Fonticuli
527 3976 718 4060 videntur
738 3975 933 4083 impedire
945 4003 1030 4083 quo
1048 3975 1187 4056 minus

149 4115 362 4197 cerebrum
379 4113 559 4196 radatur.
615 4111 855 4194 Ventriculo
878 4111 1063 4218 prasidio
1092 4129 1189 4190 aunt

150 4271 301 4354 amna,
329 4273 369 4333 et
384 4279 480 4360 quae
500 4251 640 4332 alvum
658 4247 799 4332 leniter
816 4271 994 4338 movent,
1052 4249 1193 4352 Atque
