3016 5076
668 517 727 616 11

163 727 535 836 velssgsommsl
546 755 638 812 suns
650 727 777 838 ipsius
792 725 1042 836 suspiciones
1051 730 1214 836 penitus

162 865 300 948 tollere
314 893 401 973 non
420 889 552 976 potest
569 867 621 950 de
639 892 797 948 veneno
811 864 949 948 nescio
970 892 1056 974 quo
1070 866 1117 950 in
1134 867 1214 952 hoc

161 1001 310 1084 cortice
329 1004 491 1105 latente,
507 1004 567 1086 illi
585 1031 672 1086 non
689 1002 863 1085 deerunt
882 1003 1015 1088 multa
1033 1004 1111 1090 alia
1128 1033 1216 1088 ms·

162 1139 392 1224 dicamenta
406 1167 545 1228 amara
557 1140 656 1224 huic
670 1163 856 1248 cognata,
875 1167 983 1249 quae,
997 1167 1096 1224 cum
1107 1142 1214 1252 pari·

146 1298 223 1358 .ter
233 1277 496 1360 stomachum
506 1279 695 1380 excitant,
706 1307 853 1387 corpus
862 1278 1105 1362 universum
1115 1291 1214 1362 con-

163 1411 408 1518 firmabunt,
425 1415 658 1526 sscientque
677 1439 726 1500 ut
743 1445 842 1500 cum
865 1417 1015 1500 morbo
1042 1415 1214 1502 feliciter

162 1553 394 1635 contendat.

220 1691 351 1803 Quod
380 1689 506 1772 modo
539 1713 790 1800 praeceptum
816 1713 890 1793 est,
914 1689 1020 1774 mibi
1048 1691 1213 1776 videtur

162 1826 391 1936 principem
420 1827 559 1918 locum
584 1851 720 1912 tenere
748 1829 794 1911 in
819 1829 975 1912 ratione
1003 1827 1209 1912 medendi.

41 2001 46 2016 ·
161 1965 230 2048 Ad
247 1965 327 2048 hoc
346 1965 496 2049 medici
509 1967 672 2050 animus
690 1967 737 2048 in
755 1967 947 2050 omnium
965 1967 1212 2052 morborum

163 2103 371 2188 curatione
383 2104 654 2188 attendendus
677 2126 758 2208 est3
789 2105 837 2188 in
855 2105 996 2188 multis
1015 2103 1121 2188 nihil
1138 2133 1213 2214 po-

161 2265 240 2326 test
257 2243 395 2325 moliri
412 2265 613 2352 praeteres.

217 2381 456 2462 Maximum
473 2381 597 2464 instat
615 2379 847 2489 peficulum
874 2379 920 2462 in
938 2377 1055 2462 omni
1084 2406 1211 2487 aegto-

163 2517 329 2619 tatione,
356 2515 433 2600 ubi
462 2517 663 2601 stomachi
681 2517 784 2600 vires
815 2517 915 2602 ¹adeo
942 2517 1211 2600 debilitantur

163 2655 508 2768 frangunturqus,
522 2679 572 2740 ut
589 2681 651 2738 res
670 2643 813 2738 osnnes
832 2677 1007 2764 respuat,
1032 2675 1074 2740 st
1091 2682 1206 2738 aver·

163 2815 274 2878 setus
288 2825 302 2897 3
319 2815 521 2904 tanquam
540 2794 701 2878 conscia
718 2793 828 2878 foret
845 2815 993 2876 natura
1010 2793 1140 2876 vium
1156 2793 1211 2876 ad

161 2929 290 3014 finem
308 2959 534 3042 properare,
551 2955 592 3016 tt
610 2933 725 3015 nulls
743 2960 820 3040 ope
830 2931 1010 3014 revocari
1024 2959 1152 3039 posse,
1168 2951 1211 3016 et
1301 2921 1308 2934 ⁶

160 3068 333 3177 proinde
344 3097 512 3152 omnem
524 3071 714 3180 rejiceret.
773 3071 910 3171 Hanc,
927 3089 977 3152 ut
989 3067 1048 3150 its
1060 3067 1211 3168 dicam.

159 3229 338 3289 mortem
356 3209 586 3311 ventriculi,
613 3209 739 3292 totius
758 3207 851 3292 vitae
875 3205 1063 3290 interitus
1092 3195 1214 3290 bissi

161 3345 358 3459 subsequi
376 3347 600 3430 consuevit.

486 3549 879 3593 Q:

595 3723 704 3808 Css.
725 3729 765 3808 3.

444 3885 759 3972 ueniamus
778 3883 921 3972 Malis.
1017 3825 1023 3836 ’

212 4051 455 4154 Hunnors,
473 4048 707 4160 gravidius,
725 4047 883 4150 scirrhi,
900 4069 942 4130 et
968 4045 1127 4132 inflatio
1143 4050 1208 4132 in·

159 4190 416 4290 testinorum‚
444 4209 542 4272 sunt
571 4185 744 4297 quidem
766 4187 978 4294 praecipuae
1010 4175 1208 4270 tumentis

161 4323 392 4408 abdominis
417 4349 567 4428 cauom
596 4325 682 4406 aliae
701 4345 841 4408 tamen
870 4323 1081 4406 interdum
1105 4323 1207 4406 inci·

163 4459 277 4550 dunt
317 4461 473 4548 Venter
485 4487 710 4573 puerorum
723 4461 854 4547 durus
869 4481 909 4548 et
922 4461 1206 4547 intentusdiu
