3002 5086
623 547 719 656 195

144 753 416 869 nequeenim
449 751 525 838 alia
553 757 682 864 magis
715 783 855 840 omnes
884 731 1024 866 gaudii
1052 733 1186 848 fontes

144 895 379 1009 supprimit,
394 917 435 976 et
449 894 686 1000 corrumpit.
745 897 865 976 Pestis
886 896 970 978 haec
986 901 1111 982 veluti
1126 903 1186 982 vi·

142 1033 304 1141 gilantis
320 1031 531 1114 somnium
545 1054 617 1132 est,
632 1033 675 1112 in
691 1061 775 1140 quo
790 1034 930 1134 homo,
945 1063 1187 1146 quanquam

142 1168 245 1252 bene
265 1173 405 1270 valeat,
434 1169 512 1250 sibi
532 1169 693 1250 videtur
722 1171 912 1250 omniurn
941 1175 1185 1256 morborum

141 1307 267 1414 tignis
287 1310 424 1416 urgeri
437 1343 448 1407 ;
478 1330 517 1390 et
542 1335 781 1416 quanquam
807 1309 1014 1410 innocens,
1043 1313 1185 1420 imple-

142 1467 211 1528 tur
229 1468 393 1547 terrore,
421 1467 620 1554 tanquam
648 1446 839 1534 omnium
866 1449 1062 1528 scelerum
1088 1478 1184 1532 con·

142 1585 247 1666 scius
267 1606 380 1666 esset.

198 1715 308 1820 Cu'rn
341 1749 504 1806 summa
537 1719 791 1836 ignoratione
824 1747 1044 1824 versemur,
1075 1753 1186 1832 quae·

141 1885 240 1942 narn
268 1860 428 1967 corpori
455 1887 551 1940 curn
580 1859 717 1938 anima
745 1859 965 1940 intercedat
994 1860 1186 1964 societas5

54 2101 58 2110 ι
143 2021 310 2106 quoque
342 1997 468 2078 modo
487 1997 582 2090 ,haec
613 1996 697 2076 duo
731 2025 771 2078 se
800 2019 948 2078 mutuo
983 1995 1158 2080 afficiant
1173 2035 1186 2102 ς

142 2159 319 2242 quaeque
357 2133 439 2214 sin't
466 2134 552 2214 ‘illa
589 2133 797 2216 facultates
832 2135 1075 2216 animalibus
1114 2163 1186 2218 na-

142 2273 325 2354 turaliter
344 2272 487 2372 insitae,
516 2299 607 2380 quae
627 2273 746 2378 longe
769 2272 919 2353 distant
946 2273 1064 2354 abiis
1093 2303 1204 2382 quaex

143 2406 188 2489 in
215 2409 337 2491 rebus
358 2409 549 2490 inanimis
576 2407 857 2515 reperiuntur3
887 2431 1043 2491 constat
1072 2439 1186 2518 mag·
1287 2515 1291 2520 ἱ

141 2571 240 2627 nam
268 2545 364 2628 inde
397 2545 507 2628 nasci
539 2523 828 2654 difficultatem
857 2546 902 2626 in
936 2549 1182 2630 morborum

144 2683 335 2766 omnium
373 2683 705 2790 investigatione3
748 2683 793 2764 in
830 2682 999 2790 hujusce
1046 2709 1185 2767 autem

145 2821 208 2904 rel
227 2794 462 2902 maximam.
522 2820 683 2902 Etenim
703 2823 811 2902 mala
831 2821 1189 2930 hypochondriaca

143 2977 184 3041 st
212 2957 415 3068 hysterica
432 2959 478 3038 in
507 2957 570 3038 his
596 2958 813 3065 incognitis
843 2959 963 3038 rebus
998 2981 1083 3040 tota
1112 2960 1188 3041 sita

142 3121 226 3177 esse
263 3095 482 3196 videntum
521 3095 625 3176 dum
663 3123 823 3202 corpus,
860 3117 1060 3202 quatenus
1099 3123 1189 3176 sen·

141 3230 256 3314 sibus
275 3233 422 3314 nostris
443 3254 563 3339 patet,
592 3233 902 3338 integerrimum
934 3255 993 3313 est
1011 3232 1056 3312 in
1082 3259 1186 3314 nou·¹
1293 3267 1294 3272 ¹

141 3371 265 3452 nullis
286 3398 389 3478 quos
409 3369 476 3451 hic
495 3365 659 3451 affectus
679 3370 754 3450 diu
772 3399 816 3452 ae
843 3369 1014 3478 pessime
1033 3371 1189 3452 habue-

140 3505 206 3590 rit.
237 3507 530 3607 Nihilominus,
541 3483 612 3588 vix
622 3531 681 3589 est
691 3508 773 3621 ulla
786 3535 875 3614 pars
889 3507 1081 3613 corporis,
1094 3536 1187 3616 quae

140 3669 229 3726 non
257 3645 467 3727 interdum
485 3673 533 3726 ex
563 3645 691 3725 anirni
710 3643 920 3726 affectibus
949 3647 1041 3726 lasa
1062 3647 1187 3727 fuisse

140 3783 348 3884 videatur3
378 3785 489 3865 nulla
502 3805 637 3864 autern
651 3783 794 3890 saepius
807 3805 878 3866 aut
889 3784 1052 3892 gravius
1067 3813 1188 3890 urge-

139 3909 223 4021 tur,
231 3948 360 4028 quarn
368 3919 570 4022 intestina,
579 3947 671 4028 quae
683 3921 727 4000 in
739 3921 801 4002 his
811 3901 926 4029 aegris
940 3949 1031 4002 raro
1043 3923 1188 4003 vacant

138 4055 366 4158 doloribus,
394 4059 601 4164 gravitatis
626 4085 745 4139 sensu
765 4060 948 4160 molesto,
977 4059 1188 4159 cruditate,

139 4219 273 4295 acore,
300 4191 456 4296 ardore,
484 4199 646 4296 nausea,
674 4217 714 4276 et
733 4175 955 4294 inflatione,
984 4222 1076 4302 quae
1104 4193 1190 4274 fere

137 4331 382 4440 strangulet,
396 4331 625 4442 inferatque
639 4331 895 4440 vertiginem,
909 4355 1031 4438 atque
1047 4357 1185 4447 sensus

626 4493 702 4553 02
778 4503 784 4510 '
