3050 5084
681 455 784 578 3i9

211 707 297 792 quo
326 679 475 762 ductus
509 654 660 760 biliferi
688 675 985 782 impediuntur,
1014 694 1254 786 quanquam

209 821 333 926 hepar
347 821 485 926 ipsum
506 816 714 921 integrum
726 837 796 894 est.
855 813 997 894 Morbi
1016 813 1139 895 etiarn
1158 843 1257 896 ven·

209 955 345 1038 triculi
363 977 403 1035 et
418 954 618 1036 viscerum
639 952 767 1034 solent
780 975 971 1032 arcessere
987 949 1065 1031 hoc
1085 953 1258 1053 malum,

211 1093 294 1174 sive
314 1091 499 1172 oriantur
517 1089 569 1170 ab
589 1086 754 1188 herniis,
773 1087 950 1188 scirrhis,
978 1107 1017 1170 et
1036 1086 1256 1186 ulceribus,

211 1231 294 1312 sive
324 1257 348 1324 a
378 1225 682 1308 medicamentis
718 1223 877 1306 acribus
909 1245 948 1306 et
980 1225 1259 1324 exedentibus,

211 1369 294 1450 sive
313 1365 525 1448 avenenis.
584 1363 795 1469 Singultus
811 1391 859 1444 ex
874 1362 1068 1444 omnibus
1082 1361 1146 1444 his
1162 1391 1257 1446 cau·

206 1505 264 1586 sis
282 1481 493 1586 interdum
520 1499 650 1582 factus
670 1523 754 1600 est3
783 1522 823 1580 et
843 1501 1063 1606 permansit
1084 1528 1169 1580 non
1192 1531 1256 1584 so-

212 1641 301 1722 lum
330 1641 463 1748 plures
484 1665 655 1738 menses,
682 1637 752 1720 sed
782 1635 905 1720 etiam
928 1637 1088 1746 aliquot
1116 1665 1258 1739 annos,

215 1778 346 1866 modo,
361 1777 561 1877 assiduus,
588 1775 714 1858 modo
743 1777 880 1884 spatiis
904 1778 1065 1860 incertis
1081 1779 1259 1884 interpo·
1389 1861 1393 1870 ,

215 1917 313 2000 sitis.
370 1917 492 1996 Unus
521 1934 561 1996 et
579 1915 678 1994 alter
696 1913 854 2020 fatigati
874 1936 970 1996 sunt
995 1914 1073 1996 hoc
1100 1915 1262 1998 incom-

214 2051 340 2134 modo
355 2052 506 2132 multos
520 2077 675 2132 menses
691 2049 777 2132 sine
790 2051 1003 2160 quibusvis
1018 2051 1105 2134 aliis
1118 2053 1260 2136 adver·-
1389 2125 1391 2130 .

215 2219 266 2272 ³ae
287 2187 530 2272 valetudinis
549 2187 686 2296 signis.

271 2327 319 2406 In
337 2325 493 2406 morbis
521 2324 648 2406 acutis
669 2324 871 2432 singultus
900 2353 1003 2434 serpe
1023 2325 1177 2414 indicat
1199 2325 1259 2410 fe-

214 2463 332 2544 brem
361 2461 471 2544 haud
501 2464 631 2544 levem
650 2489 745 2564 esse,
773 2441 908 2574 neque
934 2485 1098 2574 prorsus
1118 2491 1259 2548 vacare
1387 2437 1391 2450 ἱ

215 2603 406 2711 periculo.
464 2601 642 2684 Accessit
671 2601 759 2710 ipso
790 2602 925 2710 primo
952 2603 1090 2685 morbi
1113 2603 1192 2706 die,
1219 2625 1260 2686 et

215 2739 380 2824 duravit
392 2760 544 2846 septem
557 2737 728 2820 omnino
737 2737 835 2839 dies,
846 2739 1046 2822 nimirum
1058 2739 1261 2848 quamdiu

217 2899 390 2984 egrotus
407 2876 521 2978 vixit,
536 2875 675 2960 omnia
686 2899 877 2957 consueta
891 2877 1067 2960 remedia
1082 2877 1259 2964 vincens·

215 3015 333 3096 Alius
349 3015 486 3096 minos
503 3013 759 3096 vehementer
773 3011 1021 3116 febricitans,
1034 3015 1109 3123 qui
1124 3038 1262 3104 conten

217 3151 366 3234 morbo
399 3151 565 3232 tandem
589 3149 819 3254 succubuit,
846 3152 1019 3259 perrexit
1049 3151 1262 3260 singultire

218 3269 327 3370 totos
346 3287 493 3396 viginti
512 3283 607 3368 dies.

273 3424 436 3508 Sanatio
455 3425 577 3536 hujus
595 3423 691 3508 mali
710 3451 813 3536 saepe
827 3453 912 3508 non
927 3426 1172 3534 expectanda
1189 3449 1264 3530 est,

218 3563 297 3644 nisi
334 3587 476 3646 sanato
508 3563 655 3646 morbo
688 3592 712 3644 a
746 3591 832 3672 quo
862 3563 1021 3670 pendet.
1078 3565 1264 3648 Mirtum

218 3700 426 3810 moechata
444 3723 537 3784 ante
556 3701 633 3784 alia
652 3701 781 3784 valere
811 3701 1064 3786 existimatur
1082 3702 1133 3786 ad
1152 3707 1265 3786 coir-

142 3877 146 3886 *
217 3833 395 3920 cendum
412 3837 521 3918 hunc
534 3834 744 3920 affectum:
773 3841 915 3948 opium
930 3867 1023 3927 vero
1036 3838 1263 3925 remedium

217 3998 276 4056 est
296 3979 429 4057 multo
447 3973 660 4057 efficacius.
