2990 5078
656 509 722 604 85

161 711 309 818 Neque
317 709 456 794 minus
469 709 673 796 incertum
682 739 740 794 est
753 713 954 822 quamdiu
965 715 1081 798 dolor
1094 745 1208 800 man.

160 845 363 949 amussim
393 847 519 934 modo
531 848 642 931 enim
653 877 798 958 paucas
811 851 946 960 horas,
958 855 1083 938 modo
1096 857 1207 944 diem

156 985 382 1092 integrum,
401 985 526 1070 modo
542 987 744 1092 plusculos
764 989 848 1072 dies
869 1015 1113 1101 perseverat3
1143 994 1207 1076 in.
1336 1083 1340 1100 Ι

156 1121 326 1210 terdum
340 1120 409 1202 vix
428 1122 679 1232 conquiescit
697 1153 768 1232 per
782 1125 939 1236 aliquot
952 1155 1092 1212 annos.
1137 1131 1205 1214 In-

155 1257 325 1345 terdum
353 1257 499 1345 habitu
524 1261 702 1368 corporis
730 1263 925 1370 majorem
954 1264 999 1346 in
1026 1257 1203 1352 modum
1235 1367 1242 1382 ³

153 1417 319 1480 mutato
338 1393 479 1481 finitus
499 1418 558 1480 eat
568 1397 807 1505 hujusmodi
827 1399 1006 1504 affectus,
1025 1403 1098 1510 qui
1112 1402 1202 1485 fue-

152 1553 220 1622 tat
238 1533 291 1616 ab
311 1533 477 1618 ineunte
496 1555 620 1616 aetate.
679 1535 782 1618 Item
801 1537 997 1620 asthmata
1013 1567 1201 1648 superve-

151 1670 294 1758 niente
314 1671 497 1775 cessavit3
526 1693 566 1754 et
590 1670 774 1756 foeminis
803 1673 979 1780 gravidis
1011 1675 1200 1785 pepercit,

151 1833 260 1914 quae
281 1835 437 1914 semper
456 1807 550 1890 aliae
570 1809 749 1893 vexabat.
800 1800 801 1803 Ὺ

210 1945 356 2026 Dolori
375 1943 485 2047 huic,
513 1945 606 2026 satis
626 1973 696 2052 per
715 1973 755 2028 se
774 1946 956 2046 molesto,
984 1947 1060 2028 alia
1074 1947 1197 2030 inter-

151 2081 261 2166 dum
288 2083 395 2162 mala
424 2081 643 2164 accedunt:
674 2083 874 2164 nimirum
899 2085 1068 2190 vertigo,
1097 2113 1194 2192 quae

150 2217 375 2328 aliquando
390 2217 600 2322 antecedit,
618 2220 795 2304 maxime
813 2219 858 2300 in
870 2220 1036 2302 vetustis
1054 2221 1193 2332 capitio

149 2354 378 2458 doloribus,
405 2344 620 2438 oculorum
658 2355 922 2462 perturbatio,
959 2353 1194 2459 flammulae,

149 2491 309 2594 nubila,
346 2515 417 2577 aut
454 2493 564 2576 color
600 2492 746 2600 aliquis
796 2514 890 2580 ante
929 2492 1065 2576 oculos
1104 2521 1192 2577 ver-

150 2651 276 2730 tatus,
313 2650 467 2736 stupor,
503 2650 544 2712 et
570 2651 698 2740 ¹caput
727 2629 844 2736 quasi
877 2627 1042 2735 cingulo
1080 2656 1192 2712 com-

148 2793 361 2876 preatum3
390 2767 489 2848 item
508 2763 672 2851 affectus
699 2764 890 2874 hysterici
909 2764 1023 2868 varii,
1052 2768 1190 2880 quales
1239 2871 1244 2882 Ι

149 2926 248 2988 sunt
272 2903 473 3004 horrores,
501 2904 666 2989 sudores
695 2901 850 3010 frigidi,
880 2903 1024 2990 animm
1058 2901 1190 2984 defec-

148 3040 293 3142 tiones,
310 3039 440 3148 frigus
456 3041 622 3148 pedum,
636 3061 788 3147 torpor,
802 3061 1002 3140 veternus,
1019 3039 1189 3142 sonitus,
1267 3105 1269 3110 .

147 3178 257 3266 uocis
272 3199 395 3288 atque
410 3177 577 3262 luminis
596 3177 736 3260 breves
748 3177 995 3278 annssiones,
1013 3175 1128 3260 nervi
1142 3175 1187 3262 in
1235 3271 1238 3278 ,

146 3315 318 3410 artubus
350 3315 480 3415 tracti,
507 3337 547 3398 et
573 3341 687 3398 mens
719 3315 891 3402 turbata
949 3310 1188 3400 accessione

146 3453 330 3560 graviore
349 3449 478 3554 finita,
497 3473 618 3560 caput
632 3451 841 3536 interdum
860 3450 904 3531 in
922 3449 1033 3534 diem
1051 3475 1187 3537 unum

145 3589 287 3674 leniter
324 3589 444 3678 dolet
503 3590 642 3698 Capite
679 3589 899 3694 laborante,
936 3585 1185 3670 ventriculus

145 3728 267 3814 etiam
286 3755 388 3834 rape
407 3749 585 3816 tentatur
598 3723 820 3826 inflatione,
839 3725 1095 3828 distentione,
1114 3751 1187 3810 an-

145 3891 254 3972 gore,
284 3865 447 3967 dolore,¹
467 3867 622 3968 ardore,
657 3893 818 3968 nausea,
850 3863 1024 3962 vomitu,
1056 3859 1186 3972 dejec-

144 4003 325 4088 tionibus
344 4001 643 4112 frequentibue,
662 4023 732 4086 aut
750 3999 973 4087 lumbricis.
1031 4000 1079 4086 In
1098 4023 1185 4084 non

144 4141 280 4248 paucis
300 4141 415 4248 aegrie
435 4162 556 4249 caput
574 4163 615 4232 et
632 4140 880 4228 ventriculus
900 4135 1092 4236 vicissim,
1112 4155 1183 4224 aut

142 4281 258 4381 male,
277 4279 463 4378 autbene
478 4308 518 4360 se
533 4279 695 4365 habent
755 4279 923 4360 Constat
938 4276 1075 4382 itaque
1087 4297 1184 4353 con-

143 4432 305 4508 tentum
324 4417 534 4534 quendam
551 4417 657 4506 inter
676 4415 747 4516 has
767 4435 897 4528 partes
927 4409 1185 4512 intercedere,
