2990 5078
764 389 876 488 148

221 575 224 582 ’
302 598 598 682 flammatoria:
632 599 677 680 id
715 621 787 699 est,
816 627 952 707 neque
988 601 1180 706 postulat,
1216 627 1351 710 neque

111 746 115 764 ‘
215 745 218 752 ’
300 739 404 820 ferre
431 759 573 845 potest,
601 737 887 845 purgationem
913 737 1006 838 alvi,
1035 759 1109 820 aut
1136 740 1348 846 sanguinis

167 861 171 880 ⁶
303 876 604 958 detractionem.
646 875 746 956 Vidi
757 901 818 954 res
832 874 1110 981 aegriinpejus
1122 902 1251 976 ruere,
1263 903 1351 958 non
1426 911 1432 926 ·
1493 891 1494 926 ¹

303 1014 388 1094 sine
414 1011 606 1120 pericu10,
636 1039 722 1096 non
750 1013 885 1092 solum
908 1039 957 1094 ex
983 1010 1111 1093 incisa
1133 1041 1250 1113 vena,
1278 1015 1352 1096 sed
1434 1075 1439 1089 .
1493 1043 1494 1062 ¹

302 1151 426 1232 eriam
440 1177 488 1229 ex
501 1149 597 1230 dato
613 1149 908 1232 medicamento
923 1147 1037 1256 quod
1053 1148 1196 1232 leniter
1208 1152 1356 1256 alvunr

304 1287 436 1385 solvit,
454 1285 578 1392 idque
597 1313 695 1366 cum
713 1286 885 1367 morbus
899 1285 989 1394 jam
1003 1286 1220 1368 inclinatus
1234 1311 1350 1372 esset.

302 1431 544 1510 Nontamen
555 1397 787 1532 negaverim
796 1453 886 1508 eam
898 1426 1107 1508 interdum
1118 1424 1354 1510 inflamma-

303 1567 458 1648 tionem
476 1591 572 1664 esse,
596 1585 644 1643 ut
663 1591 765 1669 opus
785 1565 838 1645 sit
856 1565 1098 1670 sanguinem
1126 1565 1352 1668 detrahere,

305 1701 418 1812 quod
428 1701 474 1782 in
485 1701 563 1781 hoc
575 1727 671 1782 casu
684 1727 872 1806 prospere
886 1703 1002 1784 cedis
1041 1701 1212 1808 Sanguis
1224 1699 1353 1783 etiam

302 1843 411 1922 ultro
419 1863 635 1943 erumpens
646 1865 694 1916 ex
705 1837 872 1919 naribus
883 1837 1065 1920 salutaris
1077 1835 1169 1919 fuir.
1200 1837 1250 1918 Iri
1259 1837 1353 1938 hac,

304 1997 353 2058 ut
365 1976 410 2056 in
429 1973 544 2055 omni
559 1975 635 2053 alia
649 1973 775 2072 febre,
796 1998 953 2082 oportet
967 1975 1146 2082 vigilare,
1172 1963 1215 2056 er
1231 1976 1354 2083 quic-

305 2111 408 2219 quid
426 2109 524 2191 mali
542 2111 717 2212 oriatur,
724 2109 880 2194 idoneis
895 2111 1085 2194 remediis
1101 2135 1351 2195 succurrere.
1385 2197 1394 2214 ,

273 2283 275 2290 ,
305 2243 487 2360 Quodsi
514 2247 620 2328 nihil
645 2249 847 2355 ejusmodi
872 2248 1073 2350 acciderit,
1105 2247 1354 2332 convenient

302 2383 457 2468 decocti
494 2383 651 2467 corticis
690 2387 902 2468 Peruviani
938 2387 1068 2466 unciae
1106 2385 1215 2466 binae
1248 2413 1352 2466 cum

231 2604 236 2614 ,
305 2499 491 2604 tincrurae
520 2519 606 2626 opii
628 2521 897 2630 camphoratae
922 2523 1049 2631 guttis
1078 2522 1259 2629 triginta,
1285 2521 1354 2602 'rel

301 2661 488 2768 tincturae
514 2658 597 2766 opii
625 2657 751 2767 guttis
778 2661 953 2764 duabus,
981 2661 1123 2743 octava
1144 2659 1211 2740 vel
1238 2681 1351 2742 sexta

304 2820 468 2905 quaque
487 2795 589 2878 hora
600 2797 827 2881 sumendae.

721 3169 829 3254 Cer.
850 3173 918 3254 35.

701 3330 769 3416 De
789 3331 947 3420 Esscro.

356 3495 584 3574 Tunonns
617 3491 827 3574 interdum
852 3515 1078 3575 nascuntur
1105 3493 1271 3578 incute
1297 3494 1355 3577 si-

300 3629 415 3712 miles
427 3657 584 3732 eorum,
598 3632 673 3738 qui
687 3629 796 3712 fiunt
809 3657 858 3714 ex
870 3631 1009 3714 urticas
1021 3651 1224 3734 contactu,
1237 3633 1354 3714 unde

299 3765 410 3873 apud
428 3759 584 3874 Anglos
599 3777 753 3853 nomen
767 3767 931 3850 habent.
978 3768 1245 3853 'Recentiores
1262 3797 1353 3852 me·

297 3904 380 3985 dici
399 3932 534 4006 essere,
553 3906 617 3986 rel
638 3935 817 4007 esserum,
836 3907 1113 4014 appellarunt3
1143 3935 1228 4014 qua
1247 3921 1352 3990 voce

197 4039 198 4042 ‘
296 4041 450 4124 Arabes
469 4041 736 4150 designanmt
759 4044 971 4152 quoddam
990 4031 1141 4127 vitium
1159 4044 1280 4146 cutis,
1310 4063 1353 4130 et

294 4177 462 4261 fortasse
481 4171 559 4261 h'oc
580 4181 717 4288 ipsum
736 4179 787 4263 de
806 4209 891 4288 quo
911 4169 1051 4263 sermo
1062 4203 1132 4266 est.
1191 4181 1254 4262 Hi
1281 4205 1352 4264 tu-

294 4337 429 4402 mores
456 4317 668 4408 interdurn
694 4319 813 4420 duos,
840 4320 1009 4403 veltres
1038 4317 1200 4427 pollices
1230 4317 1351 4429 longi
