3104 5084
215 720 283 780 tua
302 694 347 774 in
365 717 530 798 corpore
548 688 844 795 deprehensum
863 707 935 787 est,
955 687 1068 794 quod
1083 686 1134 766 ad
1149 663 1263 768 hunc

217 832 415 916 morbum
442 827 654 936 pertinere,
682 847 939 931 mortemque
967 823 1116 905 inferre
1143 845 1263 932 potu-

220 971 326 1052 isset.
1003 951 1005 956 ⁵

274 1103 498 1186 Plrunbum
517 1102 562 1182 in
580 1101 788 1208 pulverem
803 1097 1120 1198 comminutum,
1138 1101 1202 1181 vel
1216 1127 1264 1180 ex

220 1241 375 1350 quovis·
388 1242 561 1320 humore
581 1239 801 1344 liquatum,
828 1235 969 1342 procul
1003 1236 1117 1314 omni
1136 1235 1266 1324 dubio

220 1379 333 1461 hunc
363 1377 560 1457 morbum
588 1375 751 1480 gignere
770 1393 910 1478 potest.
968 1375 1101 1452 Acuta
1119 1374 1265 1478 species

221 1515 387 1604 fortasse
400 1511 658 1598 nasciturubi
671 1509 1265 1615 multumplumbiintrabreve

217 1653 404 1758 ¹epatium
421 1671 606 1730 summm
621 1647 767 1728 fuerit:
788 1668 941 1744 contra,
960 1645 1100 1752 siquis
1121 1673 1268 1752 parum
1351 1707 1353 1714 ,

224 1787 425 1886 sumserit,
452 1808 492 1868 et
522 1783 676 1866 diutius
710 1784 820 1864 idem
852 1781 981 1862 facere
1004 1783 1268 1883 consueverit,

225 1947 319 2010 tum
347 1921 395 2004 fit
423 1923 591 2004 morbus
621 1923 777 2025 longus.
817 1921 946 2011 ,Usus
966 1940 1058 2000 ante
1076 1919 1139 2023 bis
1159 1919 1268 2000 mille

226 2089 353 2147 annos
366 2061 552 2140 homines
564 2059 754 2140 docuerat
766 2057 870 2138 hanc
883 2077 1120 2136 venenatam
1133 2059 1268 2164 plum·

225 2200 270 2280 bi
281 2199 535 2295 facultatem
550 2217 589 2277 et
602 2221 842 2301 quanquam
853 2192 976 2273 fuerit
989 2195 1163 2300 crispicio
1175 2196 1268 2276 alias

228 2363 397 2454 quoque
417 2360 477 2414 res
506 2332 647 2412 eadem
675 2332 716 2408 vi
745 2330 930 2436 praeditas
958 2357 1053 2429 esse,
1082 2331 1270 2412 nondum
1345 2383 1354 2396 ι

227 2495 365 2554 tamen
385 2491 492 2552 certo
512 2469 718 2575 cognitam
737 2491 776 2550 et
799 2469 1043 2573 exploratam
1073 2467 1269 2550 habemus

229 2609 458 2716 quamlibet
476 2607 598 2688 aliam
616 2607 737 2712 hujus
758 2606 893 2686 morbi
913 2631 1084 2685 causam.
1129 2607 1270 2718 Quam

230 2745 353 2826 etiam
372 2741 612 2824 senteniiam
631 2743 748 2822 video
769 2743 919 2848 placere
938 2741 1116 2848 Georgio
1143 2735 1271 2825 Baket

231 2885 456 2981 baronetto‚
477 2881 549 2988 qui
561 2880 790 2960 doctissime
801 2878 923 2984 hujus
935 2879 1071 2959 morbi
1083 2901 1273 2962 naturam

230 3015 488 3100 illustravit*.
551 3015 658 3096 Illud
686 3044 781 3097 vero
810 3015 1155 3098 animadversione
1182 3019 1275 3124 dig-

231 3185 349 3255 num,
396 3153 509 3262 quod
536 3153 581 3233 in
613 3153 753 3233 eadem
784 3153 922 3252 domo,
968 3155 1012 3232 in
1041 3180 1123 3260 qua
1150 3155 1272 3235 etiam

155 3375 164 3394 ,
233 3291 370 3375 cuncti
381 3291 523 3372 eodem
535 3289 646 3370 victu
656 3290 1128 3397 utuntur‚morbussaepe
1140 3317 1274 3374 unum

233 3431 411 3536 aliquem
431 3425 606 3533 arripiat,
626 3427 775 3508 caeteris
794 3426 987 3508 omnibus
1006 3427 1176 3510 intactis.
1213 3431 1274 3512 Ex

236 3593 321 3672 quo
345 3586 482 3646 tamen
512 3563 642 3670 evinci
672 3591 757 3644 non
784 3585 914 3676 potest
941 3565 1161 3670 plumbum
1190 3593 1275 3648 non

234 3702 358 3784 fuisse
376 3703 422 3782 in
448 3702 591 3807 culpa;
621 3701 818 3808 quoniam
845 3699 956 3780 idem
984 3726 1276 3808 argumentum

236 3860 376 3920 contra
395 3865 556 3918 causam
576 3839 902 3944 qualemcunque
920 3839 1161 3920 extrinsecus
1191 3841 1277 3920 illa·

235 3997 322 4055 tam
341 4003 455 4081 aeque
476 3975 635 4055 valeret.
694 3977 802 4054 Cum
825 4001 920 4056 vero
948 3973 1028 4056 dici
1056 3976 1124 4055 vix
1152 3975 1278 4082 possit

237 4112 487 4222 quantillum
504 4111 627 4221 hujus
647 4111 798 4192 metalli
813 4112 959 4194 morbo
972 4113 1178 4221 gignendo
1192 4113 1278 4196 suf-

556 4411 575 4450 ·
595 4405 724 4470 Medicari
737 4407 952 4470 Transactiom.
991 4423 995 4430 ’
1119 4467 1121 4472 .
