3016 5076
169 657 310 715 aurem
325 599 485 733 infusa3
514 619 674 740 quodsi
686 617 858 734 surditas
874 617 1028 712 oriatur
1042 649 1091 741 ex
1103 650 1212 714 reso·

168 769 324 851 lusione
333 788 746 877 nervorumperqttos
756 765 923 849 facultas
937 761 1127 848 audiendi
1138 789 1211 868 est,

168 897 382 1014 emplastra
400 895 644 988 cantharidis
664 901 910 1011 imponenda
923 920 1018 984 sunt
1032 925 1122 1011 post
1137 928 1209 986 au·

166 1058 241 1142 res,
259 1066 300 1126 et
314 1043 487 1150 singulis·
498 1032 684 1123 noctihus
700 1041 938 1122 instillanda
953 1061 1049 1123 sunt
1076 1058 1205 1148 guttae

165 1198 344 1288 quatuor
364 1179 542 1294 mistura
562 1169 848 1286 camphotatae,
875 1179 920 1258 in
939 1175 1053 1286 cnjus
1072 1178 1204 1261 unciis
1291 1153 1295 1162 Ι

164 1306 1202 1422 duabnssolutaestmagnesiaetittiolataesemnncia.

161 1443 542 1544 sternutamentum
571 1471 738 1560 quoque
765 1449 1017 1532 movendum
1047 1475 1106 1534 est
1129 1464 1202 1560 per
1295 1426 1303 1438 .

160 1611 340 1699 granum
358 1604 493 1672 unum
511 1578 708 1670 foliorum
726 1587 828 1668 asari
846 1585 1136 1670 exsiccatorum
1160 1609 1201 1672 et

158 1719 206 1808 irr
223 1717 435 1835 pulverem
454 1725 660 1832 tritorum,
685 1723 851 1806 natibus
879 1716 1060 1831 quotidie
1078 1723 1201 1806 haus·
1251 1776 1255 1782 -

158 1862 265 1948 mm.
316 1859 541 1945 Fatendum
556 1881 693 1942 tamen
707 1882 779 1960 est,
789 1859 893 1961 haec,
907 1883 947 1941 et
960 1881 1099 1954 catera
1111 1885 1199 1942 orn-

156 2001 229 2084 iria
248 1998 410 2101 auxilia,
435 1999 655 2105 saepissime
673 2019 834 2105 parum,
851 1991 913 2078 vel
928 1995 1032 2078 nihil
1039 1997 1193 2105 juvare.

156 2132 336 2251 Quodsi
356 2133 528 2216 surditas
540 2160 624 2215 non
635 2131 759 2216 fuerit
771 2136 1010 2242 plerumque
1025 2135 1198 2217 morbus

152 2270 407 2372 insanabilis,
435 2272 597 2378 proptia
626 2271 710 2377 ejus
739 2271 915 2352 remedia
942 2269 1195 2353 numeranda·

153 2407 254 2492 tunt
273 2411 318 2490 in
336 2409 384 2490 iis
404 2433 494 2516 quae
510 2407 642 2490 adhuc
656 2405 933 2490 desiderantur
947 2408 992 2490 in
1010 2429 1097 2490 arte
1108 2421 1194 2490 me*

152 2540 258 2628 dica.

573 2915 679 2996 Cae.
707 2907 770 2997 13.

437 3073 508 3156 De
525 3077 647 3184 Aqua
664 3074 903 3162 Baliarica..

201 3239 392 3320 Nullus
414 3249 463 3314 ex
491 3231 749 3342 Hippocratis
774 3233 1013 3355 aphorismis
1036 3233 1185 3344 justior
1267 3267 1272 3280 ·

140 3398 221 3475 est,
240 3393 370 3480 quam
384 3371 429 3449 in
444 3399 528 3476 quo
542 3371 721 3476 deplorat
739 3395 901 3454 tantum
920 3374 1110 3480 temporis
1126 3401 1187 3454 re·

142 3510 263 3619 quiri
283 3509 334 3588 ad
346 3507 625 3588 stabiliendam
641 3509 850 3590 veritatem
864 3509 908 3590 in
923 3507 1136 3608 medicina,
1148 3511 1190 3600 et

141 3667 315 3731 tanturn
327 3641 557 3748 impendere
569 3643 712 3724 erroris
725 3647 950 3750 periculum
961 3641 1189 3728 etiamcum

137 3785 342 3867 videmur
378 3780 509 3886 ipsam
546 3771 831 3886 experientiam
875 3784 1022 3864 ducem
1060 3785 1186 3893 sequi.

137 3917 281 4035 Quod
300 3935 506 4022 nusquam
520 3917 649 4022 magis
662 3919 852 4019 cernitur,
871 3927 998 4028 quarn'
1012 3917 1055 4000 in
1072 3942 1188 4028 qure-

75 4069 80 4080 '
135 4055 279 4140 aiione
294 4054 344 4134 de
363 4052 519 4132 viribus
538 4079 741 4159 aquarum
760 4044 1085 4138 Bathonicarum.
1117 4055 1187 4135 Et·

134 4193 263 4277 enim
280 4205 379 4270 cum
395 4214 536 4270 aarum
554 4189 761 4272 facultates
782 4193 929 4274 medici
943 4191 1186 4300 sagacissimi

133 4331 184 4415 in
197 4347 265 4413 cot
273 4325 392 4433 aegris
400 4327 551 4434 ex'p‘e‘rti
563 4347 672 4427 sunt,
687 4329 823 4412 'tamen
836 4327 901 4409 alii
910 4322 1112 4412 affirmant
1124 4355 1187 4407 ea·
1250 4433 1251 4438 Ν

658 4487 680 4548 n
