3002 5086
643 446 741 542 221

176 723 185 735 ..
231 653 455 760 Singultus,
469 671 509 732 et
521 648 606 733 sitis
625 649 870 752 insedabilis,
886 677 988 760 saepe
1003 679 1088 735 non
1099 655 1219 764 longe

180 793 230 874 ab
244 792 362 872 initio
374 788 511 897 morbi
529 787 730 889 incidunt,
748 809 787 870 et
801 815 871 894 pet
883 809 1019 870 totum
1031 791 1115 898 ejus
1129 821 1218 901 spa-

178 931 283 1012 tium
304 953 429 1032 aegros
449 924 633 1030 fatigant.

233 1057 473 1148 Stomachus
494 1063 592 1144 adeo
612 1083 769 1168 promte
784 1063 916 1144 reddit
938 1065 1138 1173 quicquid
1157 1067 1221 1148 in·

181 1203 351 1309 geritur,
368 1223 417 1282 ut
444 1195 675 1306 perdifficile
695 1199 747 1280 sit
765 1199 946 1280 invenire
966 1203 1029 1282 vel
1048 1203 1222 1285 medica-

178 1361 329 1438 menta,
347 1338 410 1418 vel
430 1337 586 1435 cibum,
608 1363 700 1442 quae
721 1363 807 1416 non
826 1339 963 1417 statim
988 1357 1221 1422 vomentur.

180 1476 389 1556 Crescente
419 1473 568 1553 morbo
593 1471 730 1578 liquor
759 1471 898 1553 fuscus
922 1473 1125 1555 vomendo
1153 1476 1223 1557 eli·

180 1611 299 1710 citur,
327 1637 452 1718 quem
490 1607 611 1688 multi
649 1606 758 1714 aegri,
790 1629 831 1688 et
867 1637 1010 1710 eomm
1043 1609 1223 1712 famulae,

181 1747 370 1830 dixerunt
389 1745 481 1845 sibi,
499 1771 693 1826 sensuum
705 1743 876 1850 judicio,
895 1767 1045 1826 stercus
1065 1774 1146 1828 esse
1161 1746 1223 1827 vi-

180 1883 286 1984 deri3
306 1883 356 1964 de
369 1911 452 1990 quo
465 1883 601 1988 itaque
614 1881 683 1960 vix
696 1909 865 1988 possum
877 1882 1077 1980 dubitare,
1092 1910 1223 1990 quan-

181 2047 309 2126 quam
319 2019 431 2100 idem
444 2017 549 2098 mihi
563 2043 782 2124 nunquam
794 2017 931 2098 visum
945 2033 1014 2098 est.
1058 2021 1222 2101 Veteres

181 2185 349 2264 quoque
364 2155 512 2236 medici
530 2153 790 2240 consentiunt
808 2153 853 2232 in
871 2153 949 2235 hoc
964 2155 1111 2237 morbo
1126 2179 1224 2238 ster-

181 2321 252 2376 cus
272 2320 344 2400 per
371 2321 415 2374 os
435 2291 560 2372 reddi.
619 2290 757 2397 Hujus
777 2291 933 2396 generis
953 2291 1132 2374 vomitus
1160 2321 1225 2374 ac·
1258 2267 1261 2280 ’
1323 2325 1325 2332 ⁴

180 2413 298 2514 cessit
324 2429 459 2536 primo
477 2428 541 2512 vel
570 2427 746 2508 secundo
766 2425 853 2528 die3
882 2427 952 2510 sed
976 2428 1055 2510 hoc
1085 2457 1226 2512 rarum

180 2589 263 2648 est:
295 2565 437 2672 saepius
457 2564 575 2645 tertio
594 2565 657 2644 vel
677 2585 823 2672 quarto
842 2563 908 2645 die
928 2564 1110 2670 primum
1129 2593 1228 2648 con-x

89 2801 90 2806 Ν
181 2701 365 2809 spicitur,
382 2723 422 2782 et
433 2701 640 2782 interdum
652 2727 737 2800 non
749 2720 841 2782 ante
856 2723 1056 2782 octavum.
1118 2702 1226 2814 Qui-

181 2839 282 2932 dam
293 2838 414 2920 libras
428 2859 604 2945 quatuor
619 2836 801 2943 quotidie
817 2860 1066 2927 vomuerunt
1077 2867 1147 2948 per
1159 2867 1227 2920 sex

181 2999 256 3060 sut
286 2997 439 3082 septem
457 2975 558 3076 dies,
582 2973 674 3058 licet
699 2994 786 3054 toto
816 2973 894 3053 hoc
913 2995 1093 3080 tempore
1122 2976 1229 3058 nihil

180 3113 268 3226 fere
281 3112 526 3194 sumsissent.
584 3110 667 3196 Hic
679 3109 815 3216 liquor
827 3137 874 3190 ex
885 3109 1029 3190 iisdem
1039 3109 1227 3192 fontibus

181 3251 404 3351 derivatur,
423 3249 550 3330 acillo
569 3247 644 3356 qui
662 3247 934 3354 copiosissime
953 3246 1140 3353 dejicitur
1151 3219 1229 3330 ubi

184 3389 299 3487 alvus
319 3386 411 3467 fusa
428 3408 497 3468 est.
554 3365 695 3492 Itaque
708 3407 863 3474 constat
878 3385 1003 3466 ileum
1018 3385 1227 3471 interdum

185 3524 285 3622 oriri
303 3549 389 3604 non
406 3552 455 3604 ex
473 3522 671 3606 intestinis
686 3521 890 3628 impeditis
911 3543 982 3602 aut
1000 3521 1229 3628 implicatis,

186 3661 257 3742 sed
287 3687 335 3740 ex
353 3681 471 3740 motu
500 3679 649 3758 eorumj
663 3631 893 3740 ¹contrario:
923 3687 1051 3766 quam
1070 3680 1228 3738 senten-

185 3797 288 3894 tiam
304 3796 523 3878 confirmat
547 3796 724 3902 idquod
744 3797 795 3876 ab
822 3796 936 3902 aegris
957 3823 1057 3902 saepe
1076 3795 1230 3900 audivi,⁴

178 3933 402 4032 nimirum,
430 3961 520 4041 quae
549 3933 593 4012 in
622 3935 760 4014 alvum
784 3932 922 4014 infusa
940 3953 1049 4014 sunt
1069 3930 1230 4012 vomitu

187 4095 259 4174 per
271 4097 314 4150 os
330 4069 453 4150 reddi.
514 4070 645 4182 Quod
654 4069 776 4168 etiam¹
790 4069 946 4170 fectum
961 4090 1020 4149 est
1031 4067 1105 4172 ubi
1119 4093 1230 4146 mor-

187 4205 267 4287 bus
286 4206 453 4304 initium
471 4205 616 4312 habuit
634 4207 686 4288 ab
706 4202 847 4312 hernia
865 4206 909 4286 in
927 4205 1122 4312 inguine,‡
1137 4231 1236 4312 quae

188 4345 414 4448 existimo
423 4346 986 4486 tuis,{nte.stnsns,.de.1anssn
1000 4367 1236 4452 atstssome
