3002 5086
658 507 759 610 248

604 867 712 950 Cor.
733 871 800 952 59.

539 1023 609 1111 De
629 1027 862 1113 Lambricis.

234 1191 429 1274 Pium
450 1187 688 1292 ascarides&
706 1213 746 1272 et
764 1191 988 1302 lumbricos
1007 1215 1161 1300 teretes,
1179 1211 1220 1280 et

130 1399 135 1409 .
179 1325 296 1440 duas
311 1323 458 1436 species
488 1327 790 1410 lumbricorum
818 1329 1008 1434 latorum,
1035 1331 1112 1414 alia
1136 1331 1227 1418 for-²

175 1490 279 1548 tasse
292 1465 534 1548 animalcula
545 1489 654 1567 sunt,
669 1493 774 1574 quae,
788 1495 885 1546 cum
899 1467 998 1549 cibis
1011 1469 1056 1550 in
1070 1470 1221 1554 ventri-

174 1603 319 1686 culum
332 1601 519 1704 demissa,
545 1601 680 1685 vivere
698 1604 808 1684 intus
824 1603 869 1684 in
887 1632 1066 1712 corpore,
1093 1629 1132 1690 et
1150 1636 1220 1716 go-

173 1765 256 1822 nus
276 1767 402 1822 suum
419 1733 689 1852 multiplicare
708 1762 889 1848 possunt.

231 1877 358 1978 Mala,
372 1904 463 1986 quae
479 1903 527 1958 ex
554 1875 618 1958 his
634 1875 839 1978 oriuntur,
867 1894 1040 1985 quaeque
1059 1877 1122 1960 his
1151 1907 1229 1986 ex<

170 2010 300 2122 pulsis
319 2009 537 2114 finiuntur,
565 2035 674 2114 sunt,
698 2013 854 2096 dolores
874 2013 1028 2120 capitis,
1046 2013 1217 2124 vertigo,

168 2133 504 2256 torpor,'somnia
523 2151 790 2252 tumultuosa,
814 2177 981 2232 somnus
1008 2174 1158 2234 terrore
1177 2173 1218 2236 et

168 2285 349 2370 elamore
375 2287 588 2396 abruptus,
616 2287 877 2370 distentiones
896 2317 1131 2393 nervorum,
1156 2289 1217 2373 fe-

167 2415 344 2524 bricula,
372 2421 471 2525 sitis,
489 2425 629 2532 pallor,
648 2433 765 2532 sapor
779 2425 909 2507 malus
924 2425 969 2506 in
983 2454 1065 2528 ore,
1079 2425 1217 2510 anima

167 2557 332 2662 foetida,
360 2561 494 2668 tussis,
522 2563 684 2670 spiritus
705 2586 914 2670 angustus,
933 2564 1101 2671 prurigo
1115 2563 1217 2666 nasi,

166 2695 328 2780 dolores
344 2698 571 2800 ventriculi,
590 2727 750 2797 nausea,
769 2699 994 2801 fastidium,
1014 2701 1213 2808 cupiditas

165 2833 253 2918 cibi
271 2835 413 2936 nimia,
440 2836 600 2937 macies,
628 2859 845 2938 tenemus,
863 2837 1031 2944 prurigo
1045 2838 1113 2918 ani
1128 2865 1215 2920 ves·

165 2997 277 3078 pere,
304 2994 508 3080 postremo
527 2973 719 3080 pelliculae
739 2995 779 3054 et
797 3001 941 3054 mucus
962 2973 1150 3081 dejectus.
1266 3027 1270 3036 ·

224 3107 390 3212 Taeniae,
409 3093 485 3192 seu
494 3109 685 3192 lumbrici
705 3111 787 3212 lati,
805 3111 1041 3218 gravissima
1061 3109 1231 3191 damna·

163 3245 331 3356 corpori
342 3243 539 3330 afferunt:
568 3269 722 3349 teretes,
735 3271 776 3330 et
787 3247 993 3348 ascarides,
1003 3247 1214 3342 interdum

164 3381 339 3468 laterent
357 3384 425 3466 vix
444 3385 630 3492 suspecti,
657 3385 737 3466 nisi
755 3381 860 3466 foret
887 3386 955 3466 ani
974 3385 1155 3494 prurigo,
1172 3409 1213 3466 et

162 3519 249 3602 nisi
260 3519 306 3600 in
320 3543 490 3632 stercore
501 3521 578 3630 ipsi
590 3521 870 3630 reperirentur.
929 3521 1114 3604 Taeniam
1126 3519 1212 3604 vidi

163 3680 349 3770 quatuor
376 3659 492 3742 ulnas
521 3659 701 3768 longam,
729 3687 821 3768 quae
852 3687 901 3742 ex
930 3659 1021 3740 alvo
1049 3655 1214 3767 expulsa

160 3817 263 3880 erat.
288 3795 829 3914 'Lumbricuscucurbitinus
838 3793 999 3878 videtur
1010 3821 1092 3878 esse
1102 3793 1212 3876 mul-

140 3999 144 4006 .
160 3955 309 4016 torum
321 3933 452 4036 series,
463 3962 644 4044 quorum
655 3961 763 4015 unus
774 3933 970 4042 arcliquis
983 3931 1211 4040 disjunctus

160 4066 379 4156 interdum
390 4072 507 4154 vivus
523 4071 673 4180 prodit.
703 4069 918 4153 Lumbrici
930 4093 1067 4152 teretes
1079 4097 1212 4178 usque

160 4206 211 4288 in
238 4234 286 4290 os
306 4207 572 4292 ascenderunt
584 4242 597 4312 3
626 4230 748 4316 atque
777 4206 899 4322 etism
929 4207 1116 4290 vixsnmt
1148 4203 1211 4288 bi·

506 4438 609 4502 Dshis
618 4439 732 4502 dictum
744 4454 791 4504 est
800 4459 865 4522 cap.
879 4443 926 4504 10.

654 4569 683 4629 tt
698 4571 724 4632 2
