3104 5084
598 467 601 480 '
708 495 803 589 311

236 717 350 780 oretur
369 699 505 798 fuerit,
533 721 573 782 et
591 701 708 782 altius
737 705 782 780 in
802 699 979 808 corporis
1000 700 1145 782 habitu
1167 701 1271 783 inse·
1387 723 1392 744 ‘

235 837 350 918 derit.
409 839 585 918 Memini
605 841 798 919 tamenin
818 840 999 947 quodam
1013 840 1195 920 dolorem
1209 839 1275 940 rel

237 974 368 1079 prima
396 993 468 1056 rua
498 976 718 1062 accessione
751 997 880 1060 totam
906 999 1068 1058 noctem
1096 1003 1274 1083 perseve-

237 1136 377 1220 rasse.
1121 1201 1123 1207 ,

291 1247 542 1329 Crediderim
560 1249 791 1330 me-vidisse
811 1275 895 1328 non
915 1247 1118 1355 pauciores
1146 1273 1273 1355 quam

237 1385 494 1468 centum'hoc
514 1388 659 1468 morbo
675 1409 911 1492 aegrotantes
929 1421 943 1487 ς
963 1387 1176 1494 inquibus
1195 1415 1274 1468 nu·

236 1523 390 1610 meravi
409 1543 486 1606 tres
505 1523 710 1622 foeminas,
724 1547 763 1606 et
781 1549 915 1604 unum
927 1551 1102 1630 puerum
1121 1523 1273 1604 duode-

236 1685 419 1758 cennem,
445 1661 518 1767 qui
538 1659 692 1767 aliquid
721 1661 850 1756 simile
869 1661 991 1768 hujus
1021 1659 1186 1740 affectus
1205 1687 1271 1740 ex·

106 1795 110 1802 ’
237 1795 339 1902 perti
357 1795 530 1878 fuerant.
588 1795 729 1876 Caeteri
748 1823 887 1877 omnes
903 1797 1071 1878 fuerunt
1090 1797 1180 1896 viri,
1198 1795 1273 1902 qui

237 1933 299 2012 vel
318 1959 441 2038 prope
461 1931 701 2014 accedebant
727 1933 778 2012 ad
793 1961 954 2014 annum
985 1932 1273 2040 quinquagesi-

236 2095 369 2168 mum,
384 2070 446 2148 vel
465 2095 562 2150 eum
580 2091 835 2152 excesserant.

293 2203 382 2316 Qui
410 2205 618 2294 ambulare
649 2228 963 2312 perseverarunt,
988 2205 1116 2318 donec
1145 2231 1272 2311 angor

237 2363 392 2448 quater,
416 2365 487 2424 aut
506 2342 724 2449 quinquies
744 2369 923 2424 reversus
943 2367 1055 2446 esset,
1074 2343 1121 2424 iis
1142 2343 1273 2424 vomi-

237 2500 303 2558 tus
323 2476 531 2558 interdum
550 2479 742 2560 excitatus
758 2499 827 2560 est.

291 2613 368 2694 Vir
387 2615 558 2722 quidam
573 2617 865 2721 sexagesimum
879 2643 1034 2697 annum
1050 2641 1170 2721 agens
1189 2643 1272 2698 coe·

235 2749 412 2858 pit'inter
422 2751 719 2834 ambulandum
731 2751 857 2860 affligi
870 2753 1140 2858 ingratissimo
1153 2777 1273 2832 sensu

235 2889 397 2994 angoris
416 2887 460 2968 in
475 2888 641 2970 brachio
658 2889 836 2970 sinistro:
867 2890 954 2997 qui,
971 2911 1188 2996 postquam
1202 2889 1271 2978 def

235 3051 337 3106 cem·
353 3051 480 3107 annos
501 3025 699 3108 molestus
714 3024 868 3126 fuisset,
895 3028 1010 3107 tertia
1029 3049 1099 3106 aut
1128 3048 1271 3134 quarta
1379 3123 1381 3130 χ

237 3189 401 3267 quaque
426 3182 543 3242 nocte
562 3161 708 3274 invasit
728 3163 958 3260 cubantem,
977 3163 1075 3242 adeo
1101 3183 1148 3242 ut
1165 3187 1271 3266 teger

236 3323 393 3378 necesse
411 3295 576 3378 baberet
595 3297 727 3378 sedere
745 3297 790 3377 in
805 3299 906 3396 lecto
935 3325 1004 3406 per
1024 3298 1180 3397 boram,
1199 3321 1270 3379 aut
1395 3309 1397 3312 ’

132 3442 135 3453 ”
236 3432 405 3532 diutius,
442 3433 679 3539 priusquam
717 3433 832 3514 dolor
865 3434 963 3515 adeo
1004 3435 1270 3540 mitigaretur,

236 3589 284 3650 ut
303 3568 436 3650 liceret
449 3569 649 3649 recubare.
708 3569 858 3650 Caetera
872 3591 955 3650 erat
970 3571 1216 3672 sanissimus,
1230 3592 1269 3652 et

220 3805 223 3812 ι
236 3703 425 3786 valetudo
440 3731 596 3810 semper
610 3703 742 3786 fuerat
756 3704 930 3786 secunda
938 3737 950 3806 ;
979 3723 1116 3812 pectus
1131 3729 1270 3788 autem,

236 3867 453 3952 nunquam
485 3840 677 3922 doluerat.
736 3843 828 3922 Hoc
865 3841 1034 3942 malum,
1067 3841 1100 3924 si
1133 3842 1268 3924 eedem

234 3975 319 4082 ejus
330 3975 515 4083 excipias,
528 4003 597 4082 per
609 3977 747 4058 omnia
761 3975 956 4060 referebat
970 3979 1166 4084 anginam
1179 4005 1271 4084 pec--

234 4111 346 4214 toris,
363 4111 506 4194 eodem
524 4113 649 4194 modo
668 4113 817 4195 sensim
835 4113 1130 4220 ingravescens,
1142 4137 1182 4196 et
1200 4114 1268 4194 iio·

235 4247 330 4332 dem
348 4247 541 4332 omnibus
560 4250 687 4332 causis
707 4271 995 4358 exasperatum,
1018 4273 1058 4334 et
1075 4253 1264 4366 istratum.
