3050 5084
659 483 764 594 ³77
807 543 816 550 ·

188 713 238 775 ut
256 687 344 772 fieri
369 691 468 772 solet
486 687 676 772 adversus
700 687 881 789 morbos,
909 716 1092 796 quorum
1121 692 1234 774 nulla

89 857 97 866 ·
189 849 298 911 terta
311 827 487 908 remedia
496 826 662 906 inventa
676 845 783 908 sunt.
841 829 904 908 De
916 828 1064 910 talibus
1077 828 1233 910 auxiliis

191 987 307 1048 vetus
326 965 428 1065 illud
447 963 570 1044 nimis
583 989 728 1044 verum
741 985 814 1066 est,
828 1001 854 1042 ω
871 971 981 1065 oran,
999 965 1086 1061 εδεις
1097 973 1211 1066 φιλας.
1232 985 1235 996 ·

365 1149 373 1160 ’
507 1173 926 1226 -,----“·ιῑ

621 1339 730 1420 Car.
752 1338 820 1426 94.

264 1533 266 1539 ’
326 1600 333 1618 s
401 1499 474 1581 'De
496 1499 731 1582 Valet-mine
751 1509 1025 1608 conquassata.

254 1662 414 1744 Monet
446 1687 601 1766 graves,
628 1683 671 1742 etw
691 1661 831 1741 multae
859 1658 945 1740 sliae
966 1685 1108 1758 causae,
1135 1657 1239 1742 vires

195 1795 289 1878 rita
320 1797 588 1897 labefactant,
606 1820 646 1879 et
668 1795 942 1878 valetudinem
963 1793 1116 1910 darnno
1133 1821 1243 1878 nun-

198 1959 328 2038 quam
343 1933 592 2016 resarciendo
606 1935 796 2032 multant,
808 1960 899 2040 quae
915 1959 963 2012 ex
977 1931 1046 2010 illo
1058 1930 1243 2038 quotidie

201 2070 235 2152 it
248 2071 293 2150 in
306 2072 431 2178 pejus.
488 2069 744 2154 Valetudinis
757 2071 813 2152 sic
824 2067 982 2152 afflictar
994 2091 1034 2150 et
1044 2095 1245 2175 conquas-

203 2229 296 2290 ratae
316 2207 401 2290 haec
420 2207 514 2302 fere,-
532 2209 646 2315 signa
665 2229 784 2290 sunt:
813 2207 953 2314 pallor,
970 2203 1090 2288 facies
1117 2205 1259 2286 modo

201 2345 413 2445 tumidior,
441 2347 566 2427 modo
598 2346 725 2438 macie
754 2365 978 2444 extenuata,
1009 2343 1108 2442 sitis,
1137 2339 1245 2422 diffi:
1328 2369 1335 2376 ·

201 2481 329 2598 cultas
345 2483 536 2588 spirandi,
550 2481 830 2592 palpitationes
841 2479 986 2580 cordis,
1001 2476 1245 2570 inflationes,
1287 2479 1289 2486 ⁴

204 2615 430 2717 fastidium,
462 2643 623 2719 nausea,
656 2617 849 2725 frequens
876 2615 1072 2724 cupiditas
1102 2615 1247 2716 urinae,
1289 2596 1298 2614 ⁹

205 2775 356 2834 stercus
376 2776 416 2835 et
433 2754 552 2835 urina
568 2755 652 2835 sine
666 2756 873 2836 voluntate
891 2751 1059 2852 reddita,
1077 2777 1246 2834 crurum

208 2911 401 2992 tumores,
420 2877 575 2972 dolores
594 2891 701 2998 vagi,
719 2889 979 2974 distentiones
998 2887 1189 2996 corporis,
1206 2910 1249 2970 et

211 3025 364 3106 virium
382 3026 556 3126 amissio,
567 3025 774 3127 lassitudo,
785 3026 951 3134 prurigo
965 3026 1082 3126 cutis,
1097 3047 1249 3107 tremo-

210 3184 286 3261 res,
303 3184 496 3269 torpores,
514 3161 723 3263 febricula,
741 3164 927 3270 languor,
954 3163 1099 3244 arrimae
1117 3159 1249 3245 defen-⁸

211 3299 355 3398 tiones,
379 3321 567 3381 veternus
597 3299 797 3400 interdiu,
816 3299 954 3408 vigilia
972 3321 1110 3404 noctu,
1135 3327 1249 3381 mens
1375 3363 1376 3366 a
1481 3335 1484 3340 ·

212 3433 457 3524 obliviosior.

540 3669 924 3722 m

636 3809 743 3892 Gna.
767 3811 834 3892 95.

575 3967 664 4052 ·De
696 3968 874 4052 Vastatis.

269 4099 516 4208 Dr‘summa
529 4127 700 4210 variolas
713 4127 947 4211 irioeulaudi
960 4127 1145 4229 utilitate,
1162 4150 1256 4214 rum

218 4261 270 4342 de
288 4263 441 4344 rarione
452 4263 623 4346 curandi
640 4263 877 4368 irroctrlatos,
888 4263 977 4374 jam
991 4267 1096 4348 inter
1113 4277 1257 4364 ornnes¹

111 4513 116 4530 ι
219 4399 408 4486 medicos.
427 4399 642 4504 Britannos
675 4403 888 4506 convenit,
922 4426 964 4488 et
991 4403 1095 4488 nihil
1125 4402 1256 4485 habeo
