3050 5084
169 689 292 781 oculis
324 693 586 803 perlustrati3
616 713 823 802 nusquam
848 718 944 774 sero
976 681 1209 802 reperienda

167 855 281 916 erant
299 833 364 912 vel
382 830 555 911 minima
574 829 820 910 variolarum
835 829 998 931 iudicia,
1016 831 1107 912 licet
1121 857 1211 912 eor·
1300 814 1304 822 „

168 997 243 1079 pus
255 969 499 1052 extrinsecus
512 967 668 1076 ubique
680 967 756 1048 illis
770 989 1002 1049 contectum
1013 991 1123 1050 esset.
1154 971 1212 1052 At
1313 992 1318 1008 ·

168 1107 349 1218 profecto
376 1105 502 1186 foetus
523 1104 568 1184 in
597 1125 712 1186 utero
746 1105 886 1186 matris
906 1105 974 1186 vix
1002 1105 1139 1188 differt
1157 1105 1210 1188 ab

168 1247 254 1327 aliis
292 1245 476 1352 partibus
510 1241 796 1343 interioribus;
832 1263 873 1324 et
905 1241 1112 1350 siquidem
1148 1244 1218 1325 hat·
1283 1241 1306 1296 '-

167 1407 387 1490 nunquam
407 1379 507 1460 fiant
527 1378 636 1460 sedes
655 1379 915 1479 sedularum,
943 1378 1055 1460 haud
1075 1380 1214 1461 verisi-

169 1521 267 1602 mile
294 1539 353 1602 est
371 1545 435 1598 eas
464 1518 510 1597 in
533 1515 641 1598 foetu
673 1515 920 1622 deprehendi
948 1545 1072 1624 posse.
1130 1515 1215 1597 Alii

170 1685 268 1740 vero
286 1657 337 1738 de
355 1655 431 1738 hac
450 1681 492 1737 re
512 1655 625 1736 aliter
644 1654 834 1735 sentiunt

220 1792 452 1876 ‘Difficultas
466 1791 643 1898 spirandi
652 1791 839 1873 accedens
853 1790 1215 1900 circiterquintum
1289 1807 1296 1818 “

170 1929 431 2040 pustularum
445 1927 568 2029 diem,
578 1928 690 2008 haud
702 1928 885 2009 multum
905 1929 987 2036 spei
1002 1931 1139 2011 locum
1153 1953 1217 2010 rea

171 2065 346 2175 linquit3
375 2063 420 2146 hi
445 2065 557 2146 enim
576 2063 672 2172 aegri
691 2057 931 2174 plerumque
959 2066 1106 2146 morbo
1126 2093 1213 2148 suc*

171 2205 391 2286 cumbunt.
452 2205 552 2284 Haec
570 2201 779 2284 interdum
799 2203 898 2284 adeo
917 2204 1049 2309 gravis
1069 2227 1140 2304 est,
1167 2223 1217 2284 ur
1317 2231 1320 2243 ’
1411 2295 1413 2304 A

173 2343 272 2448 agri
286 2361 491 2447 nequeant
503 2339 646 2446 jacere,
664 2360 703 2421 et
722 2339 790 2420 vix
809 2367 937 2447 pauca
955 2339 1078 2422 verba
1101 2339 1216 2448 loqui

172 2451 330 2586 ¹possint
349 2455 568 2584 antequam
588 2475 749 2584 spiritus
769 2476 845 2557 illis
863 2475 1010 2558 deficit.
1077 2545 1083 2556 .

228 2617 392 2696 Tumor
410 2613 526 2694 faciei
552 2633 713 2719 repente
731 2613 930 2715 deridens,
958 2613 1013 2696 sic
1033 2635 1081 2696 ut
1108 2608 1217 2696 oculi

174 2752 322 2860 aperiri
349 2775 524 2859 queant3
555 2752 685 2832 salivae
715 2779 855 2833 cursus
885 2779 1109 2860 repressus;
1138 2751 1219 2836 fres

175 2915 308 2998 quens
324 2889 452 2968 urinae
468 2887 680 2994 cupiditas,
698 2889 790 2970 licet
803 2917 949 2995 parum
967 2889 1195 2972 excernitur
1204 2921 1217 2988 3

174 3009 324 3133 cerpus
343 3025 426 3106 fere
455 3025 589 3106 omnis
609 3025 705 3126 mali
734 3025 868 3108 odon's
888 3055 1050 3134 expers;
1079 3049 1118 3108 et
1136 3055 1220 3107 cre-

174 3163 243 3244 bri
264 3163 464 3263 horrores,
493 3185 589 3243 sunt
608 3161 776 3269 quidem
794 3163 944 3244 indicia
962 3192 1047 3244 non
1066 3163 1219 3244 medio-

174 3301 255 3381 cris
277 3300 457 3406 periculi,
486 3301 672 3406 quamvis
702 3325 787 3380 non
816 3327 972 3407 semper
999 3299 1218 3382 mortifera.
1280 3323 1282 3328 ·

177 3436 378 3518 Vesiculae
408 3465 513 3543 aqua
544 3433 661 3536 flava,
689 3435 771 3516 sive
800 3463 886 3518 sero
915 3435 1054 3542 plenae‚
1083 3439 1220 3544 quales

177 3573 231 3654 ab
244 3573 463 3678 emplastro
477 3570 720 3652 cantharidis
735 3571 821 3654 fieri
836 3595 1145 3674 consueverunt,
1159 3555 1237 3654 in?

177 3711 347 3793 terdum
377 3710 482 3790 iuter
505 3709 685 3814 pustulas
705 3710 907 3810 oriuntur,
934 3733 974 3791 et
1002 3711 1226 3792 ostendunt

178 3847 380 3928 morbum
395 3875 418 3926 a
432 3846 570 3951 regula
585 3867 769 3927 rutarum
783 3845 1028 3928 variolamm
1041 3843 1224 3956 aliquan·

179 4003 276 4063 tum
296 3984 562 4082 aberrantem,
578 3983 622 4064 ‘et
635 3981 805 4064 forsitan
825 3985 1001 4090 periculo
1021 3983 1226 4082 vicinum

180 4117 235 4198 hi
247 4140 385 4202 tamen
404 4121 501 4226 aegri
520 4145 621 4226 sape
640 4121 829 4201 evadunt.
1234 4111 1242 4120 ’

239 4255 468 4362 Inclinatuj
472 4287 540 4338 am
554 4259 714 4360 morbo,
728 4285 826 4340 cum
840 4257 1038 4366 pieraeque
1053 4253 1244 4366 pustulat--

183 4373 380 4478 aiefsctae
381 4393 638 4497 excidissent,
656 4393 719 4479 bis
739 4395 827 4477 vidi
844 4389 1074 4480 subnasci
1061 4423 1105 4478 1n
1113 4391 1228 4478 volis
