3050 5084
774 531 878 634 406

298 745 370 826 ilio
384 743 554 826 fuerunt
567 743 694 846 acida,
712 745 798 825 aliis
814 747 913 828 sales
929 745 1101 846 alcuini,
1118 767 1158 826 et
1177 744 1307 852 pulvis
1323 771 1344 826 e

255 881 265 908 ‘
302 882 412 962 testis
442 881 630 988 piscium,
657 883 721 962 vel
752 905 868 962 creta.
927 883 1185 964 Abstinentia
1203 911 1227 962 a
1244 909 1345 989 pane

300 1007 467 1100 cuidam
485 1015 567 1100 fuit
585 1019 721 1100 utilis:
752 1021 881 1102 alium
897 1021 1008 1126 juvit
1026 1048 1132 1127 aqua
1146 1021 1269 1126 glacie
1288 1047 1348 1100 re·

301 1157 503 1262 frigerata.
561 1157 799 1238 Dolendum·
831 1179 969 1238 autem
999 1179 1058 1238 est
1077 1157 1347 1256 stomachum,

301 1315 342 1374 et
360 1293 494 1374 vicine
512 1293 676 1392 viscera,
706 1296 814 1374 vitiis
834 1295 1128 1375 insanabilibus
1145 1323 1247 1401 saepe
1261 1317 1348 1374 ten·

301 1431 393 1531 tari,
420 1459 470 1510 ex
493 1431 646 1538 quibus
666 1433 845 1512 vomitus
866 1433 1044 1514 nascitur
1062 1431 1275 1542 ejusmodi,
1302 1451 1350 1518 ut

302 1569 439 1650 nullus
456 1567 667 1656 medicina
682 1571 793 1650 locus
807 1571 869 1650 sit.

358 2243 462 2324 Vox
493 2242 578 2324 sine
598 2239 744 2349 quovis
764 2240 915 2340 dolore,
943 2263 1014 2322 aut
1032 2241 1260 2324 valetudine
1280 2245 1351 2325 ad.

205 2443 209 2452 ,
302 2407 431 2479 versa,
458 2379 666 2459 interdurn
697 2375 745 2457 fit
772 2377 872 2457 adeo
891 2378 1121 2480 summissa,
1156 2401 1201 2460 ut
1218 2379 1351 2462 audiri

303 2517 373 2597 vix
392 2516 528 2622 possit.
586 2515 674 2596 Ubi
689 2513 772 2594 haec
787 2515 1009 2594 susurratio
1023 2516 1119 2596 levis
1134 2503 1205 2616 est,
1232 2517 1277 2596 in
1297 2517 1351 2598 ri.

302 2654 439 2735 dendo
452 2681 575 2734 sonus
590 2652 783 2732 naturalis
798 2652 984 2732 eliditur:
1005 2654 1049 2731 in
1062 2651 1206 2734 affectu
1217 2655 1351 2758 gravi-

304 2819 374 2876 ore
394 2821 516 2873 sonus
538 2813 623 2872 tarn
643 2791 760 2891 risus,
779 2819 907 2898 quam
927 2793 1050 2891 vocis,
1069 2793 1350 2898 supprimitur.

305 2933 396 3046 Qui
428 2932 506 3012 hoc
538 2931 659 3011 semel
689 2927 840 3044 'experti
869 2951 979 3029 sunt,
1006 2930 1137 3011 eidem
1174 2931 1351 3014 recidivo

305 3092 403 3152 sunt
433 3067 703 3175 subjectiores.
762 3067 810 3146 In
842 3065 1090 3173 quibusdam
1115 3097 1193 3148 vox
1211 3069 1348 3150 subito

304 3209 410 3316 perit
425 3209 511 3291 sine
527 3205 672 3314 quovis
690 3205 806 3311 signo
822 3206 1091 3311 praecedente3
1120 3233 1193 3288 nec
1212 3207 1350 3290 minus

274 3423 277 3432 .
306 3345 444 3427 subito
475 3343 701 3425 restituitur
720 3343 805 3422 sine
825 3341 967 3448 quavis
987 3371 1106 3422 causa
1125 3343 1347 3426 manifesta.

304 3483 458 3562 Decem
477 3481 563 3561 vidi
582 3479 638 3561 sic
658 3481 898 3579 laborantes,
916 3478 961 3556 in
980 3504 1065 3585 quo
1084 3507 1257 3582 numero
1275 3509 1349 3562 no-

249 3667 251 3672 ,
305 3647 401 3700 vem
419 3617 589 3700 fuerunt
613 3617 811 3717 foemina,
838 3637 878 3696 et
908 3615 1106 3722 pleraeque
1128 3614 1350 3725 hystericae,

306 3759 370 3839 vel
389 3756 645 3838 infirmiores.

315 3927 318 3936 ²
351 3894 595 4002 impotentia
604 3891 906 3998 clareloquendi
914 3890 1207 3974 duravitmodo
1218 3895 1349 4000 plures

306 4057 478 4130 menses,
506 4030 630 4110 modo
650 4029 805 4136 aliquot
818 4003 976 4128 'annos3
1006 4051 1098 4108 tum
1116 4029 1161 4109 in
1180 4029 1349 4136 quibus.

209 4175 212 4182 “
305 4169 404 4250 dam
418 4195 575 4275 semper
589 4167 670 4248 fuit
685 4165 850 4265 eadem;
872 4167 917 4246 in
931 4165 1016 4246 aliis
1037 4195 1155 4247 mane
1174 4187 1347 4270 tantum,

305 4305 352 4384 in
382 4303 466 4386 aliis
485 4333 645 4411 vespere
666 4306 832 4384 molesta
850 4301 958 4402 fuit;
987 4303 1162 4410 denique
1180 4303 1347 4414 singulis

308 4443 424 4524 annis
444 4443 576 4544 rediit,
603 4465 643 4526 et
662 4470 808 4552 paucos
829 4467 983 4522 menses
1000 4441 1231 4548 permansit.
