3104 5084
638 467 740 572 265

226 683 301 766 Die
313 682 472 793 quinto.
515 683 914 766 Maculaesubrubrae
927 709 1025 767 rarae
1041 683 1086 766 in
1100 707 1216 767 men-

174 841 215 904 to
232 843 271 904 et
288 819 402 922 facie,
428 821 563 902 multo
588 843 727 902 sutem
744 822 875 928 magis
895 821 1029 904 rubrae
1048 821 1093 903 in
1112 823 1216 904 collo

175 979 213 1040 et
241 981 412 1066 pectore.
460 957 634 1068 ‚Figura
667 959 921 1040 macularum
954 983 1218 1068 nequaquam

175 1117 277 1178 certa
290 1117 363 1196 est,
379 1117 421 1176 et
435 1091 615 1180 definita.
674 1095 824 1194 Febris,
843 1117 883 1176 et
897 1097 1017 1178 tussis
1037 1117 1216 1195 manent.

174 1233 301 1314 Nullae
320 1231 455 1314 adhuc
485 1253 582 1315 sunt
609 1252 716 1312 notae
745 1232 882 1312 morbi
901 1233 946 1313 in
974 1233 1149 1315 brachiis
1176 1255 1219 1316 et

173 1370 380 1452 manibus

226 1506 303 1588 Die
332 1527 454 1590 sexto.
513 1507 687 1589 Macuiae
717 1505 834 1588 faciei
853 1508 1070 1618 paululum
1097 1535 1219 1616 super

175 1665 309 1726 cutem
322 1643 520 1743 eminent,
536 1642 592 1724 sic
603 1665 652 1726 ut
662 1665 774 1726 tactu
793 1645 1008 1750 aspretudo
1020 1645 1117 1726 levis
1129 1675 1219 1728 sen·
1275 1722 1278 1730 f

175 1779 306 1864 riatur.
338 1783 417 1862 Hae
434 1781 602 1862 maculae
615 1801 803 1863 constant
814 1781 1060 1888 expluribus
1076 1805 1220 1890 pustua

174 1917 220 2000 lis
234 1919 405 2028 exiguis,
416 1917 570 2000 semine
579 1918 685 1998 milii
697 1917 943 2000 minoribus.
1002 1921 1220 2028 Nuncpri·

173 2081 291 2138 tuum
302 2053 526 2138 msc-ulain
537 2053 712 2138 brachiis
724 2055 1042 2162 conspiciuntur.
1070 2057 1221 2160 Febris,

174 2213 214 2276 et
220 2193 403 2302 jactatio,
416 2215 456 2275 et
469 2192 682 2276 morositas
697 2215 910 2300 augentur.
954 2193 1095 2278 Tussis
1108 2195 1220 2280 haud

176 2357 321 2441 parurn
331 2332 518 2433 molesta3
538 2353 676 2414 tamen
688 2331 773 2413 sine
780 2329 1016 2415 difficultate
1026 2335 1219 2442 spirandi.

175 2470 295 2554 Oculi
313 2491 413 2552 sunt
425 2469 591 2570 debiles,
616 2489 657 2550 et
675 2469 873 2576 palpebras
894 2491 1067 2552 tument.
1127 2473 1221 2556 Cibi

176 2633 317 2688 omnes
328 2605 607 2688 fastidiuntur.
654 2607 830 2712 Vespere
842 2607 982 2688 omnia
992 2609 1099 2689 mala
1112 2637 1222 2692 exas-

176 2745 435 2852 perabantur,
445 2770 531 2824 non
539 2742 625 2824 sins
636 2742 714 2824 levi
725 2741 890 2850 spiritus
901 2745 1099 2850 angustia.
1129 2749 1222 2832 Ma-

174 2886 273 2968 rulae
285 2883 404 2968 faciei
415 2883 551 2966 viride
562 2883 725 2966 rubent.
754 2883 859 2965 Heri
871 2905 1079 2966 menstrua
1090 2887 1221 2970 alieno

176 3043 357 3131 tempore
368 3019 494 3104 fluere
505 3042 732 3129 coeperunt,
742 3041 782 3102 st
795 3023 1220 3106 manseruntinhoras

177 3183 357 3270 quatuor
366 3181 407 3242 et
421 3158 581 3267 viginti.
638 3158 776 3240 Hodie
791 3186 893 3242 vena
906 3159 1032 3244 incisa
1046 3181 1106 3242 est
1123 3189 1222 3245 curn

178 3297 379 3380 levatione
397 3295 546 3380 morbi.
1206 3377 1210 3388 ,

231 3435 310 3518 Die
330 3434 514 3542 septimo.
572 3435 666 3514 Nox
683 3431 869 3516 hesterna
887 3433 1010 3544 paulo
1029 3436 1222 3543 pacatior:

178 3569 303 3654 febris
323 3593 462 3657 tamen
477 3592 517 3654 et
529 3569 696 3680 jactatio
709 3593 805 3652 sunt
823 3569 907 3654 fere
921 3571 1083 3656 eaedem.
1131 3577 1225 3658 Ma·

179 3711 278 3792 culae
297 3709 345 3792 in
362 3709 466 3792 facie
481 3707 619 3790 minus
639 3709 800 3792 rubent.
858 3712 1028 3818 Prurigo
1043 3713 1146 3798 cutis
1160 3743 1227 3796 ao·

179 3847 297 3930 cessit
316 3847 410 3930 ratis
429 3847 609 3930 molesta.

234 3987 314 4068 Die
328 4008 482 4068 octavo.
541 3985 653 4066 Maia
668 3984 807 4066 omnia
820 3983 1083 4088 minuuntur,
1096 4009 1136 4070 et
1154 4015 1226 4070 cu·

182 4121 329 4229 piditas
341 4124 423 4206 cibi
434 4120 560 4230 coepit
574 4121 713 4206 redire.
754 4123 871 4204 Notae
884 4123 1020 4206 morbi
1032 4146 1129 4207 sunt
1142 4128 1227 4233 pal·

182 4259 355 4344 lidiores.
414 4261 622 4371 Languor,
653 4281 693 4347 et
714 4249 844 4344 'febris
873 4287 1023 4369 aegram
1052 4263 1227 4358 subinde

183 4399 288 4484 male
307 4399 470 4486 habent.
1281 4411 1285 4418 ’
