2990 5078
825 441 897 534 82

343 646 607 757 et'digere'ndi
622 645 732 730 cibos
750 645 939 728 nondum
955 647 1054 730 adeo
1063 646 1229 754 cognita
1241 671 1280 732 et
1294 615 1373 757 pei·

343 799 477 897 specta
491 807 563 887 est,
581 807 629 866 ut
648 783 848 892 possimus
864 781 1034 887 definire
1047 809 1251 892 quantum
1266 789 1374 896 spatii

343 925 515 1024 intersit,
526 922 767 1032 priusquam
778 920 891 1002 acida
903 935 1019 1002 suam
1031 938 1220 1004 nat'uram
1231 924 1277 1004 in
1287 951 1376 1006 ven·

345 1059 491 1142 triculo
509 1079 673 1156 exuant,
700 1079 741 1138 et
762 1057 961 1142 alkalinos·
983 1059 1080 1140 sales
1099 1059 1145 1138 in
1170 1087 1210 1142 se
1230 1061 1376 1144 trabere

347 1198 460 1278 haud
486 1195 660 1302 amplius
681 1195 863 1292 valeant3
892 1194 936 1274 id
956 1195 1070 1300 quod
1085 1197 1271 1301 perbrevi
1286 1221 1378 1280 tem·

341 1364 443 1444 pore
457 1334 623 1416 fortasse
638 1329 820 1412 efficitur.
865 1333 921 1422 At
937 1353 1071 1438 vpotest
1085 1333 1216 1439 majus
1230 1335 1379 1443 impen-

346 1475 440 1554 dere
466 1461 693 1578 p'ericulum
712 1469 764 1548 ab
783 1475 871 1550 ae're
900 1469 969 1549 illo
988 1467 1084 1570 fixo,
1113 1473 1187 1577 qui
1205 1473 1379 1566 abundat

349 1639 434 1692 non
449 1609 583 1690 solum
597 1605 642 1686 in
657 1603 891 1706 visceribus,
910 1607 979 1688 sed
997 1608 1120 1688 etiam
1134 1611 1180 1690 in
1194 1610 1379 1692 omnibus

347 1746 525 1854 corporis
546 1742 810 1842 humoribus3
840 1743 1083 1850 quiricum
1108 1746 1194 1828 istis
1214 1747 1381 1830 medica·

349 1885 497 1966 mentis
517 1883 745 1978 misceatur,
765 1880 871 1962 illico
891 1882 1002 1962 tollet
1017 1879 1102 1964 vim
1114 1912 1260 1964 eorum
1273 1885 1383 1966 extri·

350 2021 470 2105 candi
489 2027 623 2102 aerem
641 2045 690 2100 ex
707 2017 836 2098 urinae
852 2018 1023 2100 calculis.
1083 2021 1233 2128 Ecquis
1249 2044 1383 2104 autem

350 2183 435 2240 tam
450 2153 657 2238 consultus
672 2152 796 2234 fuerit
815 2155 967 2260 legum,
985 2156 1137 2262 quibus
1153 2185 1300 2264 corpus
1312 2159 1381 2238 hu·

351 2321 524 2376 manum
535 2285 854 2390 administratur,
867 2311 916 2372 ut
927 2292 1319 2376 medicamentorum
1330 2291 1382 2372 fa-

350 2433 516 2516 cultates
536 2429 729 2536 explicare
749 2425 920 2511 audeat?

683 2660 1065 2703 Q

772 2811 879 2892 Cae.
908 2815 971 2892 17.

643 2965 729 3071 ⁸De
751 2971 900 3054 Dolore
921 2969 1088 3080 Capitis.
1200 2931 1202 2938 Ι

409 3134 614 3213 NATURA
637 3131 827 3215 dolorum
846 3133 985 3241 capitis
1006 3156 1203 3239 perquam
1222 3129 1386 3212 obscura

356 3292 424 3350 est.
473 3269 606 3348 Variae
623 3293 719 3351 sunt
737 3296 1036 3368 eorumcausae,
1055 3291 1094 3350 et
1113 3295 1219 3373 saepe
1239 3267 1318 3348 sibi
1331 3265 1386 3346 in·

356 3405 487 3486 vicem
506 3405 730 3488 contrariae.
779 3403 924 3488 Officia
942 3405 1094 3486 cerebri
1113 3430 1261 3510 parum
1279 3400 1387 3482 intel·

355 3541 456 3622 lecta
470 3544 691 3646 necessarie
709 3541 933 3624 offundunt
945 3543 1128 3625 tenebras
1144 3541 1298 3620 morbis
1317 3537 1387 3618 hu·

350 3681 419 3784 jus
435 3679 573 3785 'partis
632 3679 758 3762 Multi
774 3707 822 3760 ex
836 3679 884 3760 iis
904 3680 1095 3760 videntur
1110 3677 1265 3784 aliquid
1285 3701 1387 3756 com·

357 3845 482 3898 mune
494 3845 590 3897 cum
603 3817 765 3898 cerebro
777 3817 945 3899 haberer
966 3845 1063 3897 nam
1078 3815 1194 3897 dolor
1210 3813 1386 3921 proprius

356 3977 417 4039 est
427 3953 580 4060 capitis,
590 3961 629 4035 e't
642 3956 760 4060 longe
772 3955 952 4035 diversus
966 3955 1017 4034 ab
1030 3953 1099 4034 illo
1112 3951 1186 4058 qui
1198 3952 1274 4032 alia
1286 3969 1387 4057 parte
1471 3963 1472 3976 ¹

358 4093 539 4200 qualibet
554 4091 726 4172 sentitur
733 4126 744 4190 ς
774 4094 976 4198 quamvis,
990 4091 1129 4172 demto
1143 4089 1320 4186 cerebro,
1332 4112 1388 4164 ea·

357 4231 452 4310 dem
464 4255 628 4335 prorsus
644 4228 797 4334 capitis,
812 4257 857 4309 ac
871 4227 1017 4335 reliqui
1030 4226 1222 4333 corporis,
1235 4219 1388 4306 confor-

356 4366 484 4448 matio
500 4388 568 4448 est.
613 4367 736 4446 Porr'o
749 4361 1389 4448 cadaverum'incisionesdemon·
