3002 5086
619 481 715 577 185

563 801 671 882 Car.
696 802 764 882 46.

315 1029 318 1046 '
415 987 420 998 ’
462 1004 530 1088 De
553 1005 842 1118 Hydroceplrol
865 1068 874 1088 .

199 1195 385 1306 Carrra
399 1195 696 1304 nonnullorum
709 1191 917 1272 infantum
929 1191 1127 1273 excedunt
1145 1193 1191 1276 in
1309 1269 1311 1276 Α

150 1331 320 1413 nimiam
339 1331 681 1438 magnitudinem,
711 1353 943 1438 suturaeque
962 1329 1192 1432 dehiscunt,

151 1491 188 1558 et
198 1469 445 1550 membrana
458 1468 610 1550 cerebri
620 1496 727 1574 aqua
738 1464 1116 1552 distentaeferuntur
1124 1493 1192 1546 ex-

151 1625 221 1704 tra,
247 1605 360 1686 unde
379 1603 427 1688 fit
446 1627 585 1686 tumor
606 1605 739 1684 mollis
759 1603 940 1684 eminens
961 1631 1083 1708 supra
1101 1631 1190 1686 oras

152 1763 396 1823 suturarum.
441 1741 620 1822 Infantes
636 1739 881 1820 infirmiores
894 1741 990 1820 huic
1002 1739 1103 1820 vitio
1118 1741 1193 1822 ob-

145 1877 358 1984 jiciuntur,
378 1879 491 1986 quod
507 1906 577 1986 per
592 1905 776 1959 mensem
787 1877 996 1983 integrum
1008 1877 1192 1984 quotidie

152 2016 250 2104 vires
269 2017 510 2124 acquisivit:
541 2016 680 2122 stipsi
709 2015 838 2096 indies
859 2015 987 2120 magis
1015 2035 1192 2122 stupent,
1219 2055 1221 2066 =

152 2175 406 2264 torpentque,
433 2155 537 2240 dum
556 2155 696 2260 pulsus
716 2154 954 2234 arteriarum
978 2180 1064 2232 non
1082 2179 1194 2238 exce-

151 2289 253 2374 dunt
267 2291 524 2398 septuaginta
538 2289 640 2371 dnos
657 2290 701 2368 in
721 2290 964 2394 sexagesima
978 2288 1087 2368 horae
1103 2315 1194 2396 par-

153 2447 205 2512 te:
236 2457 304 2510 sex
322 2451 523 2536 septemve
536 2427 691 2509 ultimis
705 2427 840 2507 morbi
852 2427 994 2506 diebus
1011 2426 1194 2532 potiones

153 2563 230 2664 vix,
248 2587 323 2646 aut
341 2593 393 2646 ns
413 2565 494 2664 vix,
521 2565 652 2670 ingeri
671 2585 853 2670 possunt,
881 2591 961 2644 vox
979 2563 1092 2643 nulla
1110 2562 1194 2643 edi-

152 2722 230 2802 tur,
247 2725 288 2784 ct
303 2703 507 2790 exanimes
526 2701 609 2784 fere
629 2701 725 2808 aegri
736 2700 886 2814 jacent,
905 2699 984 2780 nisi
998 2699 1112 2806 quod
1130 2701 1195 2780 in-

152 2840 316 2932 terdum
334 2862 444 2921 artus
465 2839 604 2920 leviter
623 2838 916 2919 distendantur.

205 2967 340 3058 lnciso
361 2965 548 3056 ‘infantis
587 2975 791 3074 cadavere,
829 2975 902 3084 qui
931 2971 1009 3054 hoc
1047 2974 1195 3053 morbo

152 3113 335 3218 perierat,
353 3141 468 3220 aquae
488 3113 632 3194 selibra
651 3113 695 3192 in
711 3111 943 3192 ventriculis
963 3109 1115 3190 cerebri
1134 3137 1196 3189 re-

153 3271 262 3368 perta
288 3273 358 3331 est.
417 3251 539 3330 Nulla
569 3249 645 3330 alia
671 3249 823 3330 tentavi
849 3246 1025 3328 remedia
1053 3267 1195 3352 praeter

152 3387 424 3494 purgationes,
443 3409 483 3468 et
496 3385 822 3486 exulcerationes,
837 3412 928 3491 quae
942 3383 1111 3491 quidem
1127 3411 1196 3490 pa·

155 3548 246 3602 rum
266 3522 537 3632 profecerunt.

208 3659 549 3769 Hydrocephalus
570 3659 768 3766 praecipue
795 3681 964 3766 occupat
984 3684 1128 3764 pueros
1157 3675 1197 3736 et

155 3797 485 3904 puellasaprimo
499 3799 549 3876 ad
563 3819 753 3877 octavum
770 3799 893 3876 ceratis
907 3823 1077 3875 annum.
1123 3793 1198 3871 Ca-

156 3931 247 4036 pitis
268 3933 441 4033 dolores,
469 3963 615 4014 manus
637 3933 688 4012 ad
708 3955 829 4040 caput
848 3935 990 4014 crebro
1010 3931 1198 4028 admotas,

157 4069 350 4153 clamores
384 4073 521 4172 subiti,
549 4073 740 4153 distentio
779 4099 1014 4168 nervorum,
1044 4089 1198 4172 stupor,

158 4209 304 4298 mentis
317 4211 580 4316 perturbati0,
592 4231 729 4290 motus
742 4237 939 4289 venarum
951 4209 1097 4302 lentus,
1109 4231 1201 4308 pos-

160 4361 289 4442 ‚tremo
301 4349 466 4448 cacitas,
474 4348 630 4454 justam
643 4346 766 4452 hujus
780 4345 915 4426 morbi
929 4341 1199 4449 suspicionem
