<?xml version="1.0" encoding="UTF-8"?>
<!DOCTYPE html PUBLIC "-//W3C//DTD XHTML 1.0 Transitional//EN"
    "http://www.w3.org/TR/xhtml1/DTD/xhtml1-transitional.dtd">
<html xmlns="http://www.w3.org/1999/xhtml" xml:lang="en" lang="en">
 <head>
  <title>
</title>
<meta http-equiv="Content-Type" content="text/html;charset=utf-8" />
  <meta name='ocr-system' content='tesseract 3.04.00' />
  <meta name='ocr-capabilities' content='ocr_page ocr_carea ocr_par ocr_line ocrx_word'/>
</head>
<body>
  <div class='ocr_page' id='page_1' title='image "./commentariidemo00hebegoog_0224.png"; bbox 0 0 3002 5086; ppageno 0'>
   <div class='ocr_carea' id='block_1_1' title="bbox 626 489 745 636">
    <p class='ocr_par' dir='ltr' id='par_1_1' title="bbox 626 489 745 636">
     <span class='ocr_line' id='line_1_1' title="bbox 626 489 745 636; baseline 0 -16"><span class='ocrx_word' id='word_1_1' title='bbox 626 489 745 636; x_wconf 70' lang='lat' dir='ltr'>sor</span> 
     </span>
    </p>
   </div>
   <div class='ocr_carea' id='block_1_2' title="bbox 153 726 1336 1394">
    <p class='ocr_par' dir='ltr' id='par_1_2' title="bbox 153 726 1336 1394">
     <span class='ocr_line' id='line_1_2' title="bbox 154 726 1204 844; baseline 0.004 -30"><span class='ocrx_word' id='word_1_2' title='bbox 154 759 238 844; x_wconf 90' lang='lat' dir='ltr'>que</span> <span class='ocrx_word' id='word_1_3' title='bbox 248 729 335 813; x_wconf 83' lang='lat' dir='ltr'>haec</span> <span class='ocrx_word' id='word_1_4' title='bbox 347 726 518 839; x_wconf 90' lang='lat' dir='ltr'>quidem</span> <span class='ocrx_word' id='word_1_5' title='bbox 529 749 625 811; x_wconf 89' lang='lat' dir='ltr'>sunt</span> <span class='ocrx_word' id='word_1_6' title='bbox 641 731 816 838; x_wconf 70' lang='lat' dir='ltr'>aliorum</span> <span class='ocrx_word' id='word_1_7' title='bbox 828 734 1071 816; x_wconf 85' lang='lat' dir='ltr'><strong>morborum</strong></span> <span class='ocrx_word' id='word_1_8' title='bbox 1092 761 1204 818; x_wconf 86' lang='lat' dir='ltr'>com-</span> 
     </span>
     <span class='ocr_line' id='line_1_3' title="bbox 154 867 1199 977; baseline 0.003 -24"><span class='ocrx_word' id='word_1_9' title='bbox 154 869 324 969; x_wconf 87' lang='lat' dir='ltr'>munia;</span> <span class='ocrx_word' id='word_1_10' title='bbox 354 867 540 977; x_wconf 90' lang='lat' dir='ltr'>proprius</span> <span class='ocrx_word' id='word_1_11' title='bbox 561 889 699 948; x_wconf 88' lang='lat' dir='ltr'>autem</span> <span class='ocrx_word' id='word_1_12' title='bbox 717 890 777 950; x_wconf 91' lang='lat' dir='ltr'>est</span> <span class='ocrx_word' id='word_1_13' title='bbox 794 869 907 950; x_wconf 90' lang='lat' dir='ltr'>icteri</span> <span class='ocrx_word' id='word_1_14' title='bbox 924 899 1068 955; x_wconf 84' lang='lat' dir='ltr'>aureus</span> <span class='ocrx_word' id='word_1_15' title='bbox 1088 876 1199 958; x_wconf 89' lang='lat' dir='ltr'>color</span> 
     </span>
     <span class='ocr_line' id='line_1_4' title="bbox 153 1004 1336 1118; baseline 0.003 -29"><span class='ocrx_word' id='word_1_16' title='bbox 153 1009 385 1107; x_wconf 83' lang='lat' dir='ltr'>oculorum,</span> <span class='ocrx_word' id='word_1_17' title='bbox 403 1006 521 1106; x_wconf 87' lang='lat' dir='ltr'>cutis,</span> <span class='ocrx_word' id='word_1_18' title='bbox 548 1025 589 1085; x_wconf 91' lang='lat' dir='ltr'>et</span> <span class='ocrx_word' id='word_1_19' title='bbox 616 1005 759 1106; x_wconf 85' lang='lat' dir='ltr'>urinae,</span> <span class='ocrx_word' id='word_1_20' title='bbox 786 1004 890 1087; x_wconf 90' lang='lat' dir='ltr'>dum</span> <span class='ocrx_word' id='word_1_21' title='bbox 909 1009 1023 1091; x_wconf 87' lang='lat' dir='ltr'>alvus</span> <span class='ocrx_word' id='word_1_22' title='bbox 1051 1013 1222 1118; x_wconf 65' lang='lat' dir='ltr'>pallida</span> <span class='ocrx_word' id='word_1_23' title='bbox 1333 1053 1336 1060; x_wconf 91' lang='grc'><em>·</em></span> 
     </span>
     <span class='ocr_line' id='line_1_5' title="bbox 154 1143 1202 1252; baseline 0.003 -22"><span class='ocrx_word' id='word_1_24' title='bbox 154 1145 301 1230; x_wconf 86' lang='lat' dir='ltr'>reddit.</span> <span class='ocrx_word' id='word_1_25' title='bbox 344 1148 393 1226; x_wconf 90' lang='lat' dir='ltr'>ln</span> <span class='ocrx_word' id='word_1_26' title='bbox 405 1145 654 1252; x_wconf 81' lang='lat' dir='ltr'>quibusdam</span> <span class='ocrx_word' id='word_1_27' title='bbox 667 1143 784 1228; x_wconf 89' lang='lat' dir='ltr'>dolor</span> <span class='ocrx_word' id='word_1_28' title='bbox 795 1149 1009 1230; x_wconf 85' lang='lat' dir='ltr'>ventriculi</span> <span class='ocrx_word' id='word_1_29' title='bbox 1020 1149 1091 1232; x_wconf 83' lang='lat' dir='ltr'>vix</span> <span class='ocrx_word' id='word_1_30' title='bbox 1102 1152 1202 1234; x_wconf 89' lang='lat' dir='ltr'>tole-</span> 
     </span>
     <span class='ocr_line' id='line_1_6' title="bbox 154 1279 1202 1394; baseline 0.004 -28"><span class='ocrx_word' id='word_1_31' title='bbox 154 1283 294 1366; x_wconf 88' lang='lat' dir='ltr'>rabilis</span> <span class='ocrx_word' id='word_1_32' title='bbox 314 1279 362 1366; x_wconf 86' lang='lat' dir='ltr'>fit</span> <span class='ocrx_word' id='word_1_33' title='bbox 381 1284 538 1390; x_wconf 86' lang='lat' dir='ltr'>aliquot</span> <span class='ocrx_word' id='word_1_34' title='bbox 556 1304 649 1362; x_wconf 88' lang='lat' dir='ltr'>ante</span> <span class='ocrx_word' id='word_1_35' title='bbox 676 1282 851 1364; x_wconf 89' lang='lat' dir='ltr'>icterum</span> <span class='ocrx_word' id='word_1_36' title='bbox 869 1283 967 1387; x_wconf 84' lang='lat' dir='ltr'>dies,</span> <span class='ocrx_word' id='word_1_37' title='bbox 994 1287 1118 1394; x_wconf 90' lang='lat' dir='ltr'>pulsu</span> <span class='ocrx_word' id='word_1_38' title='bbox 1137 1288 1202 1370; x_wconf 93' lang='lat' dir='ltr'>in-</span> 
     </span>
    </p>
   </div>
   <div class='ocr_carea' id='block_1_3' title="bbox 149 1419 1342 4528">
    <p class='ocr_par' dir='ltr' id='par_1_3' title="bbox 149 1419 1342 3585">
     <span class='ocr_line' id='line_1_7' title="bbox 155 1419 1342 1535; baseline 0.003 -31"><span class='ocrx_word' id='word_1_39' title='bbox 155 1443 265 1504; x_wconf 87' lang='lat' dir='ltr'>terea</span> <span class='ocrx_word' id='word_1_40' title='bbox 279 1448 365 1502; x_wconf 92' lang='lat' dir='ltr'>non</span> <span class='ocrx_word' id='word_1_41' title='bbox 385 1421 557 1502; x_wconf 90' lang='lat' dir='ltr'>omnino</span> <span class='ocrx_word' id='word_1_42' title='bbox 568 1419 781 1502; x_wconf 85' lang='lat' dir='ltr'>concitato</span> <span class='ocrx_word' id='word_1_43' title='bbox 828 1421 917 1535; x_wconf 82' lang='lat' dir='ltr'>Qui</span> <span class='ocrx_word' id='word_1_44' title='bbox 935 1445 1206 1507; x_wconf 85' lang='lat' dir='ltr'>motusnatu-</span> <span class='ocrx_word' id='word_1_45' title='bbox 1337 1459 1342 1471; x_wconf 92' lang='lat'><em>·</em></span> 
     </span>
     <span class='ocr_line' id='line_1_8' title="bbox 152 1539 1241 1666; baseline 0.004 -25"><span class='ocrx_word' id='word_1_46' title='bbox 152 1561 247 1641; x_wconf 84' lang='lat' dir='ltr'>ralis</span> <span class='ocrx_word' id='word_1_47' title='bbox 260 1539 500 1640; x_wconf 85' lang='lat' dir='ltr'>arteriarum</span> <span class='ocrx_word' id='word_1_48' title='bbox 513 1558 731 1666; x_wconf 82' lang='lat' dir='ltr'>distinguit</span> <span class='ocrx_word' id='word_1_49' title='bbox 745 1559 856 1642; x_wconf 90' lang='lat' dir='ltr'>hunc</span> <span class='ocrx_word' id='word_1_50' title='bbox 872 1561 1056 1643; x_wconf 89' lang='lat' dir='ltr'>dolorem</span> <span class='ocrx_word' id='word_1_51' title='bbox 1072 1563 1124 1644; x_wconf 88' lang='lat' dir='ltr'>ab</span> <span class='ocrx_word' id='word_1_52' title='bbox 1138 1563 1203 1644; x_wconf 88' lang='lat' dir='ltr'>in-</span> <span class='ocrx_word' id='word_1_53' title='bbox 1238 1605 1241 1615; x_wconf 90' lang='lat'>·</span> 
     </span>
     <span class='ocr_line' id='line_1_9' title="bbox 153 1681 1204 1810; baseline 0.004 -30"><span class='ocrx_word' id='word_1_54' title='bbox 153 1693 730 1804; x_wconf 70' lang='lat' dir='ltr'>dammationibusviscerum.</span> <span class='ocrx_word' id='word_1_55' title='bbox 764 1681 1108 1810; x_wconf 81' lang='lat' dir='ltr'>Quamobremin</span> <span class='ocrx_word' id='word_1_56' title='bbox 1124 1699 1204 1784; x_wconf 85' lang='lat' dir='ltr'>hoc</span> 
     </span>
     <span class='ocr_line' id='line_1_10' title="bbox 152 1833 1202 1942; baseline 0 -26"><span class='ocrx_word' id='word_1_57' title='bbox 152 1860 252 1916; x_wconf 86' lang='lat' dir='ltr'>casu</span> <span class='ocrx_word' id='word_1_58' title='bbox 271 1833 452 1914; x_wconf 87' lang='lat' dir='ltr'>medicus</span> <span class='ocrx_word' id='word_1_59' title='bbox 476 1855 567 1916; x_wconf 92' lang='lat' dir='ltr'>tuto</span> <span class='ocrx_word' id='word_1_60' title='bbox 586 1855 718 1940; x_wconf 91' lang='lat' dir='ltr'>potest</span> <span class='ocrx_word' id='word_1_61' title='bbox 739 1833 884 1940; x_wconf 90' lang='lat' dir='ltr'>jubere</span> <span class='ocrx_word' id='word_1_62' title='bbox 904 1863 1062 1942; x_wconf 83' lang='lat' dir='ltr'>aegrum</span> <span class='ocrx_word' id='word_1_63' title='bbox 1090 1837 1202 1918; x_wconf 89' lang='lat' dir='ltr'>bono</span> 
     </span>
     <span class='ocr_line' id='line_1_11' title="bbox 149 1971 1203 2073; baseline 0.002 -20"><span class='ocrx_word' id='word_1_64' title='bbox 149 1999 237 2054; x_wconf 84' lang='lat' dir='ltr'>esse</span> <span class='ocrx_word' id='word_1_65' title='bbox 256 1971 409 2070; x_wconf 90' lang='lat' dir='ltr'>animo,</span> <span class='ocrx_word' id='word_1_66' title='bbox 437 1999 534 2052; x_wconf 90' lang='lat' dir='ltr'>cum</span> <span class='ocrx_word' id='word_1_67' title='bbox 562 1971 692 2073; x_wconf 91' lang='lat' dir='ltr'>dolor,</span> <span class='ocrx_word' id='word_1_68' title='bbox 720 1973 785 2053; x_wconf 83' lang='lat' dir='ltr'>vel</span> <span class='ocrx_word' id='word_1_69' title='bbox 808 1971 1020 2055; x_wconf 85' lang='lat' dir='ltr'>medicinae</span> <span class='ocrx_word' id='word_1_70' title='bbox 1039 1973 1103 2055; x_wconf 87' lang='lat' dir='ltr'>vel</span> <span class='ocrx_word' id='word_1_71' title='bbox 1130 2003 1203 2055; x_wconf 87' lang='lat' dir='ltr'>na·</span> 
     </span>
     <span class='ocr_line' id='line_1_12' title="bbox 150 2107 1203 2218; baseline 0.001 -26"><span class='ocrx_word' id='word_1_72' title='bbox 150 2130 257 2192; x_wconf 87' lang='lat' dir='ltr'>turae</span> <span class='ocrx_word' id='word_1_73' title='bbox 291 2107 503 2210; x_wconf 84' lang='lat' dir='ltr'>beneficio,</span> <span class='ocrx_word' id='word_1_74' title='bbox 530 2108 664 2190; x_wconf 90' lang='lat' dir='ltr'>brevis</span> <span class='ocrx_word' id='word_1_75' title='bbox 700 2107 782 2209; x_wconf 89' lang='lat' dir='ltr'>fiet,</span> <span class='ocrx_word' id='word_1_76' title='bbox 810 2138 944 2218; x_wconf 90' lang='lat' dir='ltr'>neque</span> <span class='ocrx_word' id='word_1_77' title='bbox 976 2111 1203 2194; x_wconf 90' lang='lat' dir='ltr'>minimum</span> 
     </span>
     <span class='ocr_line' id='line_1_13' title="bbox 149 2245 1202 2354; baseline 0.007 -29"><span class='ocrx_word' id='word_1_78' title='bbox 149 2245 550 2354; x_wconf 81' lang='lat' dir='ltr'>periculuminferet.</span> <span class='ocrx_word' id='word_1_79' title='bbox 599 2247 727 2328; x_wconf 91' lang='lat' dir='ltr'><strong>Dolor</strong></span> <span class='ocrx_word' id='word_1_80' title='bbox 740 2247 813 2354; x_wconf 93' lang='lat' dir='ltr'>qui</span> <span class='ocrx_word' id='word_1_81' title='bbox 827 2245 1202 2332; x_wconf 86' lang='lat' dir='ltr'>innonnullisicte·</span> 
     </span>
     <span class='ocr_line' id='line_1_14' title="bbox 150 2381 1255 2488; baseline 0.005 -21"><span class='ocrx_word' id='word_1_82' title='bbox 150 2381 248 2467; x_wconf 87' lang='lat' dir='ltr'>ricis</span> <span class='ocrx_word' id='word_1_83' title='bbox 264 2411 453 2464; x_wconf 89' lang='lat' dir='ltr'>summus</span> <span class='ocrx_word' id='word_1_84' title='bbox 468 2405 540 2485; x_wconf 85' lang='lat' dir='ltr'>est,</span> <span class='ocrx_word' id='word_1_85' title='bbox 558 2381 603 2484; x_wconf 89' lang='lat' dir='ltr'>in</span> <span class='ocrx_word' id='word_1_86' title='bbox 618 2383 704 2466; x_wconf 86' lang='lat' dir='ltr'>aliis</span> <span class='ocrx_word' id='word_1_87' title='bbox 716 2384 785 2464; x_wconf 82' lang='lat' dir='ltr'>vix</span> <span class='ocrx_word' id='word_1_88' title='bbox 800 2386 985 2488; x_wconf 85' lang='lat' dir='ltr'>sentitur,</span> <span class='ocrx_word' id='word_1_89' title='bbox 1000 2388 1063 2468; x_wconf 86' lang='lat' dir='ltr'>vel</span> <span class='ocrx_word' id='word_1_90' title='bbox 1078 2389 1202 2472; x_wconf 83' lang='lat' dir='ltr'>etiam</span> <span class='ocrx_word' id='word_1_91' title='bbox 1252 2475 1255 2484; x_wconf 77' lang='grc'><em>,</em></span> 
     </span>
     <span class='ocr_line' id='line_1_15' title="bbox 149 2520 1202 2628; baseline 0.007 -27"><span class='ocrx_word' id='word_1_92' title='bbox 149 2547 319 2628; x_wconf 86' lang='lat' dir='ltr'>prorsus</span> <span class='ocrx_word' id='word_1_93' title='bbox 339 2520 460 2602; x_wconf 81' lang='lat' dir='ltr'>deest.</span> <span class='ocrx_word' id='word_1_94' title='bbox 518 2523 627 2602; x_wconf 89' lang='lat' dir='ltr'>Raro</span> <span class='ocrx_word' id='word_1_95' title='bbox 646 2544 870 2628; x_wconf 86' lang='lat' dir='ltr'>perseverat</span> <span class='ocrx_word' id='word_1_96' title='bbox 887 2522 996 2605; x_wconf 85' lang='lat' dir='ltr'>ultra</span> <span class='ocrx_word' id='word_1_97' title='bbox 1021 2524 1202 2608; x_wconf 86' lang='lat' dir='ltr'>biduum</span> 
     </span>
     <span class='ocr_line' id='line_1_16' title="bbox 151 2657 1203 2766; baseline 0.005 -27"><span class='ocrx_word' id='word_1_98' title='bbox 151 2657 420 2760; x_wconf 79' lang='lat' dir='ltr'>triduumre3</span> <span class='ocrx_word' id='word_1_99' title='bbox 450 2658 592 2738; x_wconf 91' lang='lat' dir='ltr'>inuno</span> <span class='ocrx_word' id='word_1_100' title='bbox 606 2679 743 2739; x_wconf 84' lang='lat' dir='ltr'>tamen</span> <span class='ocrx_word' id='word_1_101' title='bbox 756 2686 863 2766; x_wconf 88' lang='lat' dir='ltr'>aegro</span> <span class='ocrx_word' id='word_1_102' title='bbox 878 2661 1005 2744; x_wconf 89' lang='lat' dir='ltr'>saeviit</span> <span class='ocrx_word' id='word_1_103' title='bbox 1019 2689 1203 2744; x_wconf 89' lang='lat' dir='ltr'>mensem</span> 
     </span>
     <span class='ocr_line' id='line_1_17' title="bbox 152 2793 1204 2904; baseline 0.005 -29"><span class='ocrx_word' id='word_1_104' title='bbox 152 2793 379 2900; x_wconf 87' lang='lat' dir='ltr'>integrum,</span> <span class='ocrx_word' id='word_1_105' title='bbox 406 2794 486 2874; x_wconf 90' lang='lat' dir='ltr'>nisi</span> <span class='ocrx_word' id='word_1_106' title='bbox 515 2815 607 2876; x_wconf 89' lang='lat' dir='ltr'>tum</span> <span class='ocrx_word' id='word_1_107' title='bbox 636 2823 733 2876; x_wconf 91' lang='lat' dir='ltr'>cum</span> <span class='ocrx_word' id='word_1_108' title='bbox 760 2797 855 2904; x_wconf 92' lang='lat' dir='ltr'>opio</span> <span class='ocrx_word' id='word_1_109' title='bbox 883 2797 1133 2880; x_wconf 84' lang='lat' dir='ltr'>vinceretur:</span> <span class='ocrx_word' id='word_1_110' title='bbox 1161 2821 1204 2881; x_wconf 90' lang='lat' dir='ltr'>et</span> 
     </span>
     <span class='ocr_line' id='line_1_18' title="bbox 151 2924 1201 3040; baseline 0.007 -30"><span class='ocrx_word' id='word_1_111' title='bbox 151 2957 399 3038; x_wconf 88' lang='lat' dir='ltr'>quanquam</span> <span class='ocrx_word' id='word_1_112' title='bbox 427 2931 669 3040; x_wconf 85' lang='lat' dir='ltr'>plerumque</span> <span class='ocrx_word' id='word_1_113' title='bbox 689 2933 888 3016; x_wconf 87' lang='lat' dir='ltr'>antecedit</span> <span class='ocrx_word' id='word_1_114' title='bbox 913 2935 1082 3015; x_wconf 88' lang='lat' dir='ltr'>luteum·</span> <span class='ocrx_word' id='word_1_115' title='bbox 1097 2924 1201 3017; x_wconf 79' lang='lat' dir='ltr'>cutis</span> 
     </span>
     <span class='ocr_line' id='line_1_19' title="bbox 150 3067 1197 3178; baseline 0.006 -32"><span class='ocrx_word' id='word_1_116' title='bbox 150 3067 348 3168; x_wconf 88' lang='lat' dir='ltr'>colorem,</span> <span class='ocrx_word' id='word_1_117' title='bbox 367 3091 574 3177; x_wconf 84' lang='lat' dir='ltr'>cessatque</span> <span class='ocrx_word' id='word_1_118' title='bbox 585 3069 771 3177; x_wconf 88' lang='lat' dir='ltr'>protinus</span> <span class='ocrx_word' id='word_1_119' title='bbox 787 3093 835 3151; x_wconf 90' lang='lat' dir='ltr'>ut</span> <span class='ocrx_word' id='word_1_120' title='bbox 849 3071 915 3151; x_wconf 88' lang='lat' dir='ltr'>hic</span> <span class='ocrx_word' id='word_1_121' title='bbox 924 3071 1197 3178; x_wconf 67' lang='lat' dir='ltr'>‚conspicitur3</span> 
     </span>
     <span class='ocr_line' id='line_1_20' title="bbox 151 3203 1202 3315; baseline 0.006 -30"><span class='ocrx_word' id='word_1_122' title='bbox 151 3203 234 3285; x_wconf 85' lang='lat' dir='ltr'>hoc</span> <span class='ocrx_word' id='word_1_123' title='bbox 246 3227 384 3286; x_wconf 91' lang='lat' dir='ltr'>tamen</span> <span class='ocrx_word' id='word_1_124' title='bbox 396 3233 481 3286; x_wconf 92' lang='lat' dir='ltr'>non</span> <span class='ocrx_word' id='word_1_125' title='bbox 493 3229 553 3289; x_wconf 90' lang='lat' dir='ltr'>est</span> <span class='ocrx_word' id='word_1_126' title='bbox 568 3231 832 3315; x_wconf 88' lang='lat' dir='ltr'>perpetuum:</span> <span class='ocrx_word' id='word_1_127' title='bbox 863 3209 1016 3288; x_wconf 88' lang='lat' dir='ltr'>namin</span> <span class='ocrx_word' id='word_1_128' title='bbox 1029 3209 1202 3315; x_wconf 87' lang='lat' dir='ltr'>quibus-</span> 
     </span>
     <span class='ocr_line' id='line_1_21' title="bbox 149 3341 1201 3454; baseline 0.008 -34"><span class='ocrx_word' id='word_1_129' title='bbox 149 3341 254 3420; x_wconf 86' lang='lat' dir='ltr'>dam</span> <span class='ocrx_word' id='word_1_130' title='bbox 269 3342 413 3448; x_wconf 85' lang='lat' dir='ltr'>saepius</span> <span class='ocrx_word' id='word_1_131' title='bbox 426 3345 581 3452; x_wconf 90' lang='lat' dir='ltr'>repetit,</span> <span class='ocrx_word' id='word_1_132' title='bbox 596 3367 666 3426; x_wconf 87' lang='lat' dir='ltr'>aut</span> <span class='ocrx_word' id='word_1_133' title='bbox 678 3346 746 3426; x_wconf 84' lang='lat' dir='ltr'>vix</span> <span class='ocrx_word' id='word_1_134' title='bbox 760 3373 924 3453; x_wconf 88' lang='lat' dir='ltr'>prorsus</span> <span class='ocrx_word' id='word_1_135' title='bbox 937 3347 1201 3454; x_wconf 80' lang='lat' dir='ltr'>conquiescit,</span> 
     </span>
     <span class='ocr_line' id='line_1_22' title="bbox 149 3478 714 3585; baseline 0.011 -29"><span class='ocrx_word' id='word_1_136' title='bbox 149 3478 358 3585; x_wconf 90' lang='lat' dir='ltr'>quamdiu</span> <span class='ocrx_word' id='word_1_137' title='bbox 376 3483 546 3562; x_wconf 89' lang='lat' dir='ltr'>morbus</span> <span class='ocrx_word' id='word_1_138' title='bbox 566 3505 714 3565; x_wconf 90' lang='lat' dir='ltr'>manet.</span> 
     </span>
    </p>

    <p class='ocr_par' dir='ltr' id='par_1_4' title="bbox 149 3615 1254 4528">
     <span class='ocr_line' id='line_1_23' title="bbox 209 3615 1200 3726; baseline 0.005 -31"><span class='ocrx_word' id='word_1_139' title='bbox 209 3615 308 3696; x_wconf 87' lang='lat' dir='ltr'>Jure</span> <span class='ocrx_word' id='word_1_140' title='bbox 331 3616 423 3698; x_wconf 90' lang='lat' dir='ltr'>licet</span> <span class='ocrx_word' id='word_1_141' title='bbox 453 3620 646 3726; x_wconf 87' lang='lat' dir='ltr'>suspicari</span> <span class='ocrx_word' id='word_1_142' title='bbox 674 3619 877 3701; x_wconf 86' lang='lat' dir='ltr'>calculum</span> <span class='ocrx_word' id='word_1_143' title='bbox 906 3619 1127 3703; x_wconf 83' lang='lat' dir='ltr'>haerentem</span> <span class='ocrx_word' id='word_1_144' title='bbox 1146 3619 1200 3701; x_wconf 85' lang='lat' dir='ltr'>in</span> 
     </span>
     <span class='ocr_line' id='line_1_24' title="bbox 149 3747 1201 3858; baseline 0.007 -26"><span class='ocrx_word' id='word_1_145' title='bbox 149 3747 249 3858; x_wconf 84' lang='lat' dir='ltr'>bilis</span> <span class='ocrx_word' id='word_1_146' title='bbox 268 3752 359 3854; x_wconf 82' lang='lat' dir='ltr'>riis,</span> <span class='ocrx_word' id='word_1_147' title='bbox 377 3754 452 3836; x_wconf 90' lang='lat' dir='ltr'>ubi</span> <span class='ocrx_word' id='word_1_148' title='bbox 467 3783 608 3838; x_wconf 91' lang='lat' dir='ltr'>omnes</span> <span class='ocrx_word' id='word_1_149' title='bbox 624 3756 708 3836; x_wconf 88' lang='lat' dir='ltr'>aliae</span> <span class='ocrx_word' id='word_1_150' title='bbox 723 3757 836 3838; x_wconf 86' lang='lat' dir='ltr'>icteri</span> <span class='ocrx_word' id='word_1_151' title='bbox 855 3781 962 3840; x_wconf 86' lang='lat' dir='ltr'>notae</span> <span class='ocrx_word' id='word_1_152' title='bbox 981 3759 1201 3839; x_wconf 87' lang='lat' dir='ltr'>inveniun-</span> 
     </span>
     <span class='ocr_line' id='line_1_25' title="bbox 149 3889 1201 4008; baseline 0.006 -38"><span class='ocrx_word' id='word_1_153' title='bbox 149 3911 236 3990; x_wconf 89' lang='lat' dir='ltr'>tur,</span> <span class='ocrx_word' id='word_1_154' title='bbox 255 3889 412 3972; x_wconf 86' lang='lat' dir='ltr'>etiamsi</span> <span class='ocrx_word' id='word_1_155' title='bbox 431 3895 542 3974; x_wconf 85' lang='lat' dir='ltr'>coior</span> <span class='ocrx_word' id='word_1_156' title='bbox 560 3921 646 3976; x_wconf 89' lang='lat' dir='ltr'>non</span> <span class='ocrx_word' id='word_1_157' title='bbox 664 3894 788 3977; x_wconf 89' lang='lat' dir='ltr'>fuerit</span> <span class='ocrx_word' id='word_1_158' title='bbox 807 3896 950 3979; x_wconf 88' lang='lat' dir='ltr'>luteus.</span> <span class='ocrx_word' id='word_1_159' title='bbox 1011 3897 1117 4008; x_wconf 77' lang='lat' dir='ltr'>Quae</span> <span class='ocrx_word' id='word_1_160' title='bbox 1133 3923 1201 3976; x_wconf 87' lang='lat' dir='ltr'>su-</span> 
     </span>
     <span class='ocr_line' id='line_1_26' title="bbox 150 4001 1200 4140; baseline 0.007 -34"><span class='ocrx_word' id='word_1_161' title='bbox 150 4026 281 4132; x_wconf 83' lang='lat' dir='ltr'>spicio</span> <span class='ocrx_word' id='word_1_162' title='bbox 300 4055 386 4109; x_wconf 92' lang='lat' dir='ltr'>non</span> <span class='ocrx_word' id='word_1_163' title='bbox 404 4001 505 4110; x_wconf 42' lang='lat' dir='ltr'>raro·</span> <span class='ocrx_word' id='word_1_164' title='bbox 515 4031 619 4112; x_wconf 91' lang='lat' dir='ltr'>mihi</span> <span class='ocrx_word' id='word_1_165' title='bbox 639 4031 878 4114; x_wconf 89' lang='lat' dir='ltr'>confirmata</span> <span class='ocrx_word' id='word_1_166' title='bbox 896 4033 990 4134; x_wconf 81' lang='lat' dir='ltr'>fuit,</span> <span class='ocrx_word' id='word_1_167' title='bbox 1018 4035 1081 4114; x_wconf 89' lang='lat' dir='ltr'>vel</span> <span class='ocrx_word' id='word_1_168' title='bbox 1101 4033 1200 4140; x_wconf 74' lang='lat' dir='ltr'>quia</span> 
     </span>
     <span class='ocr_line' id='line_1_27' title="bbox 149 4165 1201 4276; baseline 0.007 -33"><span class='ocrx_word' id='word_1_169' title='bbox 149 4165 333 4246; x_wconf 87' lang='lat' dir='ltr'>calculus</span> <span class='ocrx_word' id='word_1_170' title='bbox 365 4189 502 4272; x_wconf 85' lang='lat' dir='ltr'>postea</span> <span class='ocrx_word' id='word_1_171' title='bbox 532 4170 720 4276; x_wconf 86' lang='lat' dir='ltr'>expulsus</span> <span class='ocrx_word' id='word_1_172' title='bbox 752 4195 824 4272; x_wconf 87' lang='lat' dir='ltr'>est,</span> <span class='ocrx_word' id='word_1_173' title='bbox 851 4193 891 4252; x_wconf 88' lang='lat' dir='ltr'>et</span> <span class='ocrx_word' id='word_1_174' title='bbox 921 4171 1061 4251; x_wconf 89' lang='lat' dir='ltr'>omnia</span> <span class='ocrx_word' id='word_1_175' title='bbox 1093 4171 1201 4251; x_wconf 77' lang='lat' dir='ltr'>mals</span> 
     </span>
     <span class='ocr_line' id='line_1_28' title="bbox 149 4298 1254 4411; baseline 0.012 -33"><span class='ocrx_word' id='word_1_176' title='bbox 149 4298 307 4400; x_wconf 79' lang='lat' dir='ltr'>levata3</span> <span class='ocrx_word' id='word_1_177' title='bbox 337 4303 400 4382; x_wconf 88' lang='lat' dir='ltr'>vel</span> <span class='ocrx_word' id='word_1_178' title='bbox 420 4303 517 4411; x_wconf 89' lang='lat' dir='ltr'>quia</span> <span class='ocrx_word' id='word_1_179' title='bbox 535 4333 621 4386; x_wconf 85' lang='lat' dir='ltr'>una</span> <span class='ocrx_word' id='word_1_180' title='bbox 637 4335 686 4387; x_wconf 88' lang='lat' dir='ltr'>ex</span> <span class='ocrx_word' id='word_1_181' title='bbox 704 4307 767 4392; x_wconf 90' lang='lat' dir='ltr'>his</span> <span class='ocrx_word' id='word_1_182' title='bbox 787 4307 1080 4393; x_wconf 82' lang='lat' dir='ltr'>accessionibus</span> <span class='ocrx_word' id='word_1_183' title='bbox 1109 4329 1199 4390; x_wconf 84' lang='lat' dir='ltr'>tan-</span> <span class='ocrx_word' id='word_1_184' title='bbox 1250 4307 1254 4310; x_wconf 66' lang='grc'><strong>’</strong></span> 
     </span>
     <span class='ocr_line' id='line_1_29' title="bbox 152 4433 694 4528; baseline 0.022 -14"><span class='ocrx_word' id='word_1_185' title='bbox 152 4433 251 4520; x_wconf 88' lang='lat' dir='ltr'>dem</span> <span class='ocrx_word' id='word_1_186' title='bbox 269 4439 432 4524; x_wconf 84' lang='lat' dir='ltr'>desierit</span> <span class='ocrx_word' id='word_1_187' title='bbox 450 4441 496 4524; x_wconf 90' lang='lat' dir='ltr'>in</span> <span class='ocrx_word' id='word_1_188' title='bbox 510 4439 694 4528; x_wconf 89' lang='lat' dir='ltr'>icterum.</span> 
     </span>
    </p>
   </div>
   <div class='ocr_carea' id='block_1_4' title="bbox 0 0 1506 5086">
    <p class='ocr_par' dir='ltr' id='par_1_5' title="bbox 0 0 1506 5086">
     <span class='ocr_line' id='line_1_30' title="bbox 0 0 1506 5086; baseline 0 0"><span class='ocrx_word' id='word_1_189' title='bbox 0 0 1506 5086; x_wconf 95' lang='lat' dir='ltr'> </span> 
     </span>
    </p>
   </div>
  </div>
 </body>
</html>
