3104 5084
812 441 919 548 992

345 643 546 753 plegiacia,
573 645 648 731 tibi
666 643 764 730 huic
782 645 841 728 rei
858 645 1072 754 diligenter
1089 645 1376 734 attendebatur.

345 781 479 862 Causa·
486 785 725 892 paralyseos,
736 781 1032 891 qualiscunque
1041 781 1177 885 fixerit,
1187 783 1382 867 levissima

345 918 714 1026 reimpelliturhoc
728 919 1008 1029 potiusquam
1025 920 1128 1004 illud
1138 919 1314 1029 corporis
1328 921 1381 1003 la·

344 1075 411 1138 tus
426 1035 650 1166 'occupare3
678 1057 831 1166 etenim
845 1057 966 1140 o'cties
982 1055 1195 1164 contigisse
1209 1057 1320 1160 novi,
1335 1079 1382 1142 ut

344 1191 419 1299 qui
432 1221 481 1278 ex
495 1194 738 1303 hemiplegia
750 1217 970 1296 evaserant,
983 1195 1120 1302 postea
1131 1195 1304 1304 correpti
1316 1193 1380 1278 fu·

343 1330 450 1414 erint
468 1333 712 1416 resolutione
726 1333 902 1441 oppositi
920 1333 1065 1416 lateris.

346 1543 349 1550 ,
401 1469 603 1582 Quinque
621 1497 759 1554 sensus
773 1453 928 1552 externi
946 1466 1183 1552 omniafere
1200 1469 1381 1571 obscure,

342 1629 383 1694 et
414 1605 582 1691 confuse
610 1607 842 1716 percipiunt
865 1606 911 1688 in
938 1605 1178 1715 paralyticis.
1237 1605 1380 1688 Unum

341 1767 480 1830 tamen
497 1743 652 1846 curavi,
678 1744 794 1852 cujus
823 1742 994 1843 olfactus
1022 1743 1122 1826 adeo
1148 1769 1236 1824 non
1263 1741 1380 1826 hebe-

340 1904 463 1983 tatus,
476 1903 525 1963 ut
535 1883 655 1990 longe
666 1881 823 1964 acutior
835 1879 966 1964 facuts
980 1901 1094 1977 esset,
1106 1901 1147 1962 et
1157 1879 1379 1964 occasiones

340 2018 534 2100 molestiae
563 2039 604 2102 et
622 2015 798 2120 offensa,
825 2017 920 2102 satis
941 2016 1152 2100 interdum
1179 2016 1378 2119 ridiculae,

338 2176 533 2263 perpetuo
549 2155 757 2270 preberet.
814 2157 864 2238 ln
881 2155 960 2238 alio
978 2182 1029 2238 ex
1041 2154 1226 2261 lethargo
1245 2153 1379 2261 vigilia·

338 2314 436 2393 erar,
454 2315 494 2376 et
507 2293 631 2376 simul
645 2321 786 2376 omnes
805 2283 944 2376 sensus
958 2291 1112 2376 externi
1127 2314 1273 2400 prater
1286 2319 1377 2374 con·

339 2431 598 2514 suetudinem
618 2431 824 2540 vigebant,
842 2455 882 2516 et
899 2433 1160 2514 acuebantur.
1222 2434 1272 2516 ln
1291 2430 1375 2514 reli·

329 2569 431 2676 quis
456 2569 664 2670 omnibus,
693 2595 796 2676 qnos
816 2567 915 2668 vidi,
943 2568 1141 2650 universa
1168 2563 1374 2652 facultates

229 2713 230 2721 '
337 2733 429 2812 quae
445 2734 473 2787 a
500 2705 633 2787 nervis
659 2705 833 2814 pendere
850 2705 1146 2807 existimantur,
1173 2703 1375 2813 siquidem

337 2841 859 2943 onminomutataefuerint‚
867 2841 1137 2949 languidiores
1146 2841 1263 2924 factae
1271 2863 1374 2942 sunt,

336 2978 416 3061 nisi
428 2979 542 3087 quod
560 2979 605 3060 in
616 2979 824 3064 nonnullis
836 2977 920 3062 cibi
934 2977 1134 3086 cupiditas
1149 3002 1269 3062 aucta
1279 3000 1345 3064 est

391 3117 566 3223 Torpor,
593 3115 677 3200 sive
694 3115 933 3198 imminutio
952 3143 1091 3198 sensus
1110 3135 1257 3218 tactus,
1272 3111 1371 3198 'satis

335 3253 543 3336 familiaris
555 3275 615 3336 est
625 3252 722 3335 huic
732 3253 895 3336 morbo:
922 3274 1060 3334 tamen
1071 3277 1157 3334 non
1168 3251 1372 3334 nisiraris·

335 3389 495 3482 simeex
510 3413 595 3474 toto
613 3391 728 3500 perit.
786 3392 847 3472 Ex
862 3389 1018 3496 ingenti
1033 3389 1371 3506 numeroparalyj

335 3527 524 3630 deorum,
540 3530 691 3637 quibus
704 3527 834 3629 adfui,
848 3549 1000 3636 septem
1011 3525 1182 3615 omnino
1194 3505 1391 3624 fluerunu'
1505 3533 1507 3625 J

335 3665 545 3774 inquibus
564 3665 631 3750 hic
650 3693 788 3750 sensus
803 3665 1179 3774 prorsusextincrus
1193 3663 1372 3746 estin

335 3801 467 3886 tribus
485 3831 535 3885 ex
554 3803 616 3888 his
645 3825 781 3886 motus
801 3802 947 3910 aliquis
976 3823 1189 3909 supererat.
1247 3795 1370 3883 Alteri

333 3962 462 4023 tactus
464 3968 688 4050 nunquam
696 3962 905 4024 restatutus
917 3961 988 4042 est,
997 3961 1071 4022 etet
1082 3961 1218 4022 motus
1227 3935 1366 4046 aliquas

321 4075 523 4161 rediisset.
571 4080 621 4160 In
632 4101 779 4187 quinto
790 4099 920 4162 tactus
935 4091 1027 4186 post
1038 4099 1366 4160 senuaunumre-

332 4233 470 4321 ceptus
483 4235 555 4302 est.
612 4213 662 4300 ln
673 4215 837 4302 duobus
847 4213 1031 4326 reliquis,
1040 4235 1246 4324 quantum
1256 4208 1365 4298 intel·

1500 3889 1502 4019 i

1496 4107 1499 4177 l
