3050 5084
673 407 783 507 343

192 616 388 698 diuturna
400 617 584 726 debilitas
596 645 693 699 cum
706 639 926 726 tremoroet
938 642 1098 726 torpore
1111 646 1240 700 mern-

192 755 257 836 bri
277 753 421 856 affecti,
454 757 582 838 donec
602 778 712 836 artus
732 755 941 836 interdum
969 757 1240 858 resolvantur,

191 913 231 976 et
260 891 360 972 fiant
388 920 553 999 prorsus
577 893 756 976 inutiles.
787 893 1106 974 .Rheumaticus
1126 894 1252 1002 dolor

192 1031 373 1112 mulieris
392 1029 607 1136 cujusdam
627 1029 850 1114 humerum
870 1031 1106 1136 occupabat,
1129 1058 1256 1143 mus-q
1381 1101 1390 1110 .

193 1169 388 1275 culosque
416 1169 570 1250 vicinos
600 1169 750 1250 sensim
777 1167 877 1248 adeo
905 1167 1155 1268 debilitabat,
1193 1189 1252 1279 ut¹

190 1305 262 1384 vix
276 1327 495 1412 superesset
506 1305 674 1386 facultas
690 1303 907 1386 brachium
921 1305 1129 1388 movendi:
1151 1329 1245 1424 post

193 1465 346 1549 septem
371 1433 534 1524 ¹meuses
555 1442 771 1524 brachium
791 1441 916 1548 coepit
935 1415 1256 1549 aliquantulum,

193 1580 365 1680 moveri,
392 1601 431 1664 et
463 1579 719 1688 aditisaquis
740 1579 974 1676 Burtonicis
995 1578 1161 1690 tandem
1179 1578 1249 1685 in,

195 1736 305 1822 tegre
325 1717 560 1801 restitutum
579 1739 648 1797 est.

136 1881 141 1886 ’
249 1853 428 1935 Habitus
441 1853 618 1960 corporis
639 1873 867 1964 strumosus
888 1881 974 1934 non
993 1879 1084 1934 raro
1106 1852 1241 1970 reddit

195 1988 381 2072 homines
401 1990 598 2070 obnoxios
619 1990 850 2072 tumoribus
870 2011 910 2072 et
924 1988 1148 2104 doloribus,
1167 1989 1252 2110 qui:

196 2126 259 2206 vel
280 2149 375 2208 sunt
405 2127 658 2228 rheumatici,
687 2128 750 2210 vel
778 2149 889 2234 certe,
912 2128 1105 2208 omnibns
1134 2129 1253 2238 notis,

196 2263 539 2346 rheumatismum
569 2265 835 2345 mentiuntur.
896 2264 1150 2370 Hujusmodi
1179 2287 1252 2383 tu-¹

150 2407 155 2417 “
199 2428 347 2502 mores,
375 2424 414 2484 et
433 2403 605 2503 dolores,
632 2402 757 2482 modo
777 2424 1072 2486 antecesserunt
1090 2403 1246 2484 absces-

184 2567 266 2636 sus
282 2561 519 2639 strumosos,
538 2540 773 2646 modorum
794 2539 870 2618 illis
887 2539 1010 2618 simul
1024 2537 1119 2620 facti
1135 2563 1244 2650 sunt.

202 2649 548 2760 inflammationes
576 2705 741 2783 quoque
780 2677 995 2790 oculorum
1033 2699 1280 2762 strumosae‘

197 2841 502 2920 nonnunquam
523 2835 783 2896 commutata
798 2811 968 2898 fuerunt
983 2841 1079 2897 cum
1094 2815 1245 2930 dolori.

198 2951 276 3032 bus
297 2925 585 3032 membrorum*
599 2950 870 3050 rheumaticis.
901 2953 1061 3034 Tumor
1075 2973 1114 3034 et
1129 2949 1246 3067 dolor

196 3087 436 3170 inhaerentes
450 3088 493 3167 in
509 3088 645 3195 aliqua
664 3088 843 3192 corporis
859 3109 986 3196 parte,
1002 3111 1041 3170 et
1059 3090 1104 3168 in
1115 3087 1245 3170 aliam

197 3251 416 3331 nunquam
445 3223 562 3322 versi,
590 3251 680 3306 raro
710 3209 1246 3326 dici'debentrheumatici3

197 3363 300 3468 quin
316 3361 448 3466 potius
465 3361 515 3442 ad
530 3361 817 3444 distentionem
832 3361 1030 3446 referendi
1050 3362 1159 3462 surit,
1177 3363 1242 3444 vel

198 3499 250 3582 ad
270 3498 566 3598 distortionem,
584 3499 647 3578 vel
669 3497 719 3579 ad
736 3521 947 3580 strumam.
1005 3499 1172 3582 Sciatica
1186 3521 1246 3580 ta·

199 3663 309 3736 men,
340 3663 579 3743 quanquam
599 3635 769 3718 eandem
789 3658 939 3720 certam
960 3635 1096 3720 sedem
1115 3663 1246 3746 usque

195 3797 382 3881 occupet,
411 3795 470 3854 est
489 3801 579 3854 vere
600 3773 859 3854 rheumatica.
918 3774 1134 3880 Lumbago
1159 3749 1248 3882 per·

200 3911 303 3992 tinet
323 3911 456 4017 potius
475 3909 528 3990 ad
547 3937 771 4016 spasmum,
799 3911 861 3992 vel
882 3911 933 3992 ad
952 3911 1246 3996 distortionem.

258 4047 592 4131 Rheumatismus
612 4048 772 4154 longus,
801 4049 906 4152 sicut
925 4071 1081 4150 acutus,
1103 4077 1152 4130 ex
1171 4048 1249 4130 alin

91 4167 96 4174 ⁸
196 4183 247 4306 ¹iu
265 4185 392 4267 alium
411 4185 629 4270 articulum
656 4184 771 4270 facile
798 4187 952 4270 transit.
1012 4187 1090 4268 Sed
1108 4185 1153 4268 in
1172 4185 1250 4271 hoc
