3016 5076
145 633 268 718 donec
281 629 355 740 qui
367 623 665 712 anteafueruut
676 627 841 732 debiles,
851 627 940 736 jam
952 625 1053 712 fiant
1066 656 1180 738 pror-

146 801 206 856 sus
219 767 463 853 immobiles.
491 767 592 848 Haec
608 765 847 873 multiplicia
858 767 1068 851 involucra
1079 797 1184 852 sem·

146 936 211 1016 per
226 927 326 993 sunt
342 905 524 1003 molesta,
549 923 603 1000 et,
632 924 680 984 ut
698 901 803 982 mihi
821 903 991 1010 quidem
1009 903 1185 1008 videtur,

64 1135 69 1144 ,
147 1069 401 1152 supervacua.
434 1043 574 1122 Fateor
585 1059 742 1146 partem
754 1039 979 1145 quamlibet
993 1043 1186 1150 corporis,

142 1183 216 1266 ubi
231 1181 342 1262 dolet
357 1198 584 1284 tumetque,
612 1203 732 1258 sensu
749 1176 927 1260 acutiore
944 1205 1027 1260 esse
1041 1180 1186 1286 praedi-

147 1342 245 1419 ttm,
262 1338 303 1398 et
316 1313 478 1422 frigoris
493 1312 631 1394 minus
646 1311 862 1420 patientem
879 1345 889 1394 r
916 1341 1060 1396 verum
1075 1317 1187 1398 nulla
1282 1423 1296 1436 η

148 1453 523 1558 ideointegumeuta
532 1448 811 1555 requiruntur,
820 1463 1187 1560 preterquamquasse

150 1588 351 1674 sufficiant
366 1585 537 1668 arcendo
552 1582 709 1692 frigori,
734 1585 769 1666 si
788 1585 890 1693 quid
906 1585 1107 1670 offensum
1123 1589 1186 1672 sit.

200 1729 303 1808 Late
321 1725 574 1820 celebrantur
592 1721 799 1806 facultates
819 1751 1023 1832 aquarum
1041 1725 1190 1814 Batho-

151 1865 336 1948 nicarum
351 1860 402 1942 ad
417 1860 523 1942 mala
541 1858 751 1942 arthritica
765 1859 1022 1960 moderanda
1062 1863 1189 1976 'Quat

153 2022 289 2082 tamen
300 1998 427 2104 vulgo
439 1995 717 2104 perhibentur,
728 1996 821 2078 ratis
829 1996 1191 2082 incomtauterdici

155 2137 370 2234 videntum
398 2155 438 2216 et
467 2132 569 2214 vires
592 2153 733 2214 contra
753 2133 975 2242 podagram
992 2135 1055 2218 bis
1074 2139 1193 2246 aquis

156 2274 284 2360 tribui
302 2271 553 2374 efficaciores,
590 2299 718 2378 quam
743 2294 814 2356 aut
840 2301 953 2374 usus,
989 2297 1060 2357 aut
1089 2277 1194 2360 ratio

157 2409 382 2494 confirmat
430 2412 582 2524 *Fontes
602 2407 836 2494 bathonicoe
853 2409 939 2492 sine
957 2409 1085 2494 dubio
1100 2441 1194 2521 pro·

158 2573 253 2630 sunt
263 2547 453 2630 adversus
465 2546 595 2628 multa
609 2545 822 2628 ventriculi
836 2549 955 2649 mala,
972 2571 1011 2631 et
1025 2549 1195 2656 proinde

160 2687 275 2768 utiles
290 2711 374 2766 esse
385 2703 555 2792 possunt
569 2682 798 2784 arthriticis,
816 2685 974 2792 quoties
987 2709 1198 2790 vexantur,

163 2845 206 2904 ut
219 2847 330 2928 saepe
349 2818 410 2921 fit',
432 2821 570 2902 dolore
585 2819 794 2922 stomachi,
821 2817 1042 2926 inflatione,
1070 2853 1198 2926 acore,

161 2981 230 3042 aut
242 2957 452 3048 cruditate.
500 2959 562 3038 De
579 2957 665 3040 aliis
681 2957 833 3040 horum
845 2949 1027 3042 fontium
1040 2961 1197 3046 viribus
1284 3051 1290 3072 ‚

163 3095 214 3178 ad
232 3093 501 3195 excitandam,
528 3117 568 3176 et
586 3093 890 3197 moderandam,
916 3119 957 3180 et
978 3097 1199 3180 sanandam

164 3233 399 3339 podagram,
423 3229 665 3339 perdifficilis
679 3253 751 3334 est,
778 3255 819 3314 et
829 3233 1070 3342 perobscura
1084 3263 1201 3344 quae·

166 3369 254 3452 atio
313 3369 512 3450 Nondum
540 3391 795 3475 compertum
823 3369 953 3452 habeo
977 3370 1049 3454 bas
1076 3401 1201 3481 aquas

163 3505 409 3588 extrinsecus
428 3505 624 3606 admotas,
652 3507 715 3588 vel
742 3505 932 3590 saeviente
951 3509 1111 3611 morbo,
1138 3510 1203 3592 vel

166 3642 489 3758 conquiescente,
501 3639 624 3722 fuisse
635 3641 795 3724 auxilio.
828 3643 946 3756 Quin
957 3665 1123 3726 artuum
1134 3643 1204 3730 de·

167 3775 366 3890 bilitatem
396 3779 541 3862 balneo
570 3777 793 3860 Bathonico
811 3802 973 3862 auctam
990 3807 1073 3864 esse
1091 3782 1205 3884 vidi3

168 3933 208 3996 et
226 3915 359 3998 multo
384 3913 623 4022 praerentius
642 3915 766 3998 fuisse
785 3916 1013 4000 remedium
1030 3917 1077 4000 in
1095 3947 1206 4002 mare

169 4047 428 4134 descendere:
470 4051 583 4160 quod
617 4051 746 4136 multa
774 4079 841 4135 me
862 4055 1043 4164 exempla
1060 4055 1208 4140 docue-

172 4207 280 4268 runt.

229 4321 313 4406 Ubi
332 4323 502 4408 morbus
519 4353 569 4408 ex
583 4325 759 4412 articulis
777 4327 823 4414 iu
838 4327 1111 4416 ventriculum
1129 4349 1210 4414 trt-
