3016 5076
651 465 718 570 55

160 683 354 766 dsnbami
372 701 486 764 aetats
504 679 557 776 ad
574 678 681 764 hanc
700 683 900 796 nostram)
919 681 1016 766 fecit
1033 683 1216 774 tandem*

159 820 337 904 medicos
346 819 484 902 minus
492 817 695 902 confidere
703 821 975 928 purgantibus
983 820 1202 910 vehemen-

161 957 349 1059 rioribus,
361 981 402 1039 et
414 957 591 1064 repetitis
608 957 818 1064 sanguinis
830 957 1094 1040 missionibus
1107 987 1204 1042 con·

159 1115 220 1182 tra
230 1095 587 1180 rheumatismum.
618 1093 1204 1199 Etvenietforsitandies,cum

160 1233 341 1316 remedia
371 1231 650 1340 refrigerantia
672 1233 973 1340 judicabuntur
1005 1258 1205 1318 nontam
1240 1234 1246 1250 '

159 1371 482 1480 perniciosassso
501 1373 547 1454 in
563 1369 788 1472 arthritide,
806 1373 996 1478 usquein
1016 1374 1206 1456 rheuma·

161 1509 287 1595 tismo
302 1509 531 1610 tam-utilia,
544 1499 672 1616 quarn
687 1511 811 1616 vulgo
824 1507 1033 1612 feruntur3
1063 1533 1102 1592 et
1114 1539 1208 1618 pro-

160 1646 259 1730 inde
281 1647 417 1734 morbi
431 1645 646 1764 utriusque
663 1646 888 1728 curationes
904 1647 955 1727 ad
974 1673 1014 1728 se
1032 1649 1210 1729 invicem

163 1784 332 1893 propius
356 1785 554 1874 accedent.
614 1785 749 1865 Pulvis
770 1786 1047 1872 Po'rtlandicus
1066 1811 1148 1892 prae
1168 1813 1210 1868 se

164 1921 244 2004 fert
265 1949 380 2031 aeque
395 1922 586 2002 adversus
602 1943 828 2033 utrumque
843 1922 1029 2029 prodesse
1035 1958 1046 2024 3
1076 1951 1210 2030 neque

165 2059 401 2164 negaverim
447 2057 686 2164 hujusmodi
733 2059 1040 2160 medicamenta,
1087 2059 1210 2142 simul

164 2223 264 2276 cum
282 2193 377 2300 opio
389 2193 573 2286 adhibito
588 2196 644 2276 sic
660 2217 708 2280 ut
722 2225 824 2304 opus
836 2195 974 2296 fuerit,
994 2195 1081 2278 fieri
1094 2225 1208 2304 posse

165 2331 476 2440 praesentissima
486 2333 764 2425 antarthritica
774 2335 923 2442 pariter
932 2355 971 2426 et
982 2335 1210 2418 antirrheu·

169 2465 319 2558 marica
336 2468 525 2554 remedia.

496 2727 894 2780 ''W—¹·-

591 2913 698 2994 CAP.
724 2917 788 3002 10.

509 3071 577 3154 De
604 3075 878 3172 Ascoradibur,

226 3261 290 3342 Ex
310 3255 563 3367 quibusdam
593 3259 717 3366 signis
738 3263 1014 3370 conjecturam
1033 3269 1214 3378 aliquam

176 3397 314 3498 facere,
333 3423 552 3504 nunquam
572 3419 710 3480 autem
725 3402 822 3482 certi
837 3429 920 3486 esse
934 3433 1151 3512 possumus
1163 3409 1215 3492 de

176 3533 384 3626 lumbricis
397 3553 583 3617 ventrem
595 3540 902 3645 occupantibus,
916 3542 995 3624 nisi
1009 3544 1055 3628 in
1070 3567 1224 3657 sterco-¹

174 3672 286 3760 ribus
306 3672 461 3754 fuerint
473 3675 688 3780 conspecti.
720 3678 890 3782 Oportet
903 3707 998 3762 vero
1012 3709 1150 3766 cavere
1165 3713 1217 3768 ne

174 3810 425 3918 decipiamur
441 3811 568 3916 specie
583 3814 696 3894 muci
708 3815 874 3916 tenacis,
886 3843 1015 3924 quem
1026 3823 1219 3906 nonnulii

173 3971 320 4056 putant
339 3976 421 4030 esse
439 3949 547 4056 ipsos
567 3977 737 4053 vermes,
756 3955 820 4034 vel
836 3957 976 4038 saltem
990 3986 1135 4042 eorum
1150 3989 1219 4048 ,va-

172 4086 317 4192 gioam
335 4083 545 4192 quandam
561 4109 600 4170 et
618 4087 894 4193 involucrum,
913 4097 986 4176 etsi
1001 4123 1220 4204 nunquam
1309 4111 1311 4116 ’

174 4223 400 4306 constiterit
411 4243 477 4303 eos
489 4223 731 4332 hujusmodi
746 4229 895 4337 vagina
906 4231 1060 4332 donari
1092 4233 1221 4314 Lum-

173 4361 279 4447 brici
289 4381 430 4446 teretes
443 4361 586 4470 dejecti
596 4363 1036 4472 fueruntanonnullis‚
1048 4370 1123 4476 qui
1134 4398 1220 4454 non
