3104 5084
787 492 889 596 etl

315 710 451 796 duum
467 705 701 790 triduumve
713 728 932 816 postquam
946 702 1143 786 exiissent.
1192 704 1242 785 In
1256 689 1357 788 cluo-

317 849 411 949 bus,
439 874 543 955 quos
572 843 671 946 ridi,
703 844 835 968 aegris,
862 845 973 926 locus
1006 862 1091 925 erat
1118 839 1358 950 suspicando

203 981 205 988 ’
316 983 570 1070 lumbricum
588 980 897 1063 cucurbitiuum·
918 979 1101 1062 intulisse
1119 980 1358 1062 accessiones
1404 1035 1408 1045 -

317 1119 559 1230 epilepticus,
585 1116 780 1215 maniam,
808 1115 1106 1206 etfatuitatem.
1221 1149 1229 1164 =

332 1265 335 1276 ’
375 1257 600 1341 Molestum
618 1277 677 1336 est
705 1253 820 1362 quod
841 1252 1018 1335 remedia
1046 1252 1361 1362 innumerabilia

320 1405 463 1478 contra
479 1391 711 1475 lumbricos
730 1389 1103 1492 circumferuntur;
1131 1389 1246 1498 quod
1269 1389 1361 1500 qui-

318 1533 416 1616 dem
441 1529 689 1613 documento
707 1550 779 1628 est,
806 1525 970 1610 nullum
999 1525 1118 1609 nobis
1147 1529 1361 1640 cognitum

319 1697 417 1768 esse,
444 1667 511 1748 cui
548 1685 657 1747 certo
694 1661 897 1747 confidere
929 1663 1142 1772 possimus.
1210 1663 1361 1746 Oleum

318 1803 600 1888 terebinthina
635 1799 916 1900 testificatum,
942 1827 1049 1908 aqua
1078 1799 1123 1881 in
1152 1829 1235 1908 qua
1264 1800 1361 1882 folia

320 1941 532 2024 nicotiana
561 1913 724 2020 decocta
751 1960 861 2038 sunt,
892 1959 932 2019 et
959 1933 1225 2039 mercurialis,
1252 1959 1361 2020 certo

322 2102 419 2161 sunt
452 2075 573 2159 exitio
603 2075 804 2182 plerisque
836 2073 1094 2176 animalibus,
1126 2101 1218 2182 qua
1252 2097 1362 2156 extra

322 2245 468 2330 corpus
500 2236 620 2314 sunt;
650 2236 787 2294 tamen
816 2211 959 2294 eadem
985 2211 1030 2294 in
1058 2211 1199 2292 alvum
1226 2211 1363 2292 infusa

239 2351 241 2354 ’
322 2353 425 2435 nihil
455 2378 617 2459 prorsus
638 2347 902 2456 profecerunt
924 2347 976 2429 ad
994 2347 1215 2448 ascarides3
1246 2376 1362 2456 quas,

322 2493 385 2575 uti
413 2491 590 2600 reliquos
619 2475 906 2568 intestinorum
925 2513 1092 2586 vermes,
1120 2511 1267 2566 mucua
1295 2514 1362 2567 co-

220 2734 226 2746 „
319 2629 472 2740 piosus,
500 2655 585 2738 quo
604 2623 923 2724 circumdantur,
944 2643 1130 2730 praestare
1157 2623 1362 2711 videtura

237 2867 241 2876 ι
291 2875 295 2884 ι
323 2767 365 2846 vi
394 2791 738 2874 quorumcunque
771 2761 1163 2842 medicamentorum
1191 2789 1360 2844 securas.

324 2903 622 3018 Quamobrem,
633 2899 761 2980 donec
775 2897 921 3007 certius
934 2897 1362 2981 remediumadversus

322 3039 544 3122 lumbricos
557 3029 773 3117 inventum
783 3035 920 3136 fuerit,
935 3033 1038 3116 uihil
1051 3033 1178 3142 magis
1185 3033 1364 3142 juvabit,

324 3205 450 3286 quam
470 3203 562 3284 quae
581 3173 722 3256 leniter
744 3172 882 3251 alvum
912 3169 1088 3270 solvunt,
1106 3193 1146 3253 et
1170 3171 1286 3253 facile
1304 3173 1364 3256 fe-

322 3335 485 3414 runtur,
503 3334 543 3392 et
558 3332 647 3391 tuto
663 3308 772 3388 sumi
790 3329 960 3414 possunt
973 3307 1139 3388 diutius.
1197 3309 1364 3390 Auxilio

322 3470 443 3532 erunt
455 3473 589 3529 amara
605 3474 784 3555 quoque,
798 3446 861 3525 vel
876 3473 972 3526 cum
992 3443 1055 3525 his
1071 3445 1203 3546 mista,
1217 3447 1282 3528 vel
1299 3447 1364 3548 in-

323 3583 522 3692 terpositis
536 3574 673 3690 spatiis
682 3581 789 3682 data,
800 3609 885 3662 non
896 3603 980 3662 tam
989 3581 1086 3688 quia
1098 3603 1245 3664 nocent
1255 3583 1364 3664 lum-

323 3720 460 3822 bricis,
487 3747 615 3828 quam
641 3719 755 3828 quod
773 3717 986 3799 ventriculi
1011 3739 1050 3798 et
1075 3716 1365 3801 intestinorum

323 3861 427 3941 vires
439 3858 650 3942 sustinent.
708 3859 839 3963 Aquae
852 3855 968 3956 libra,
987 3854 1053 3934 cui
1066 3853 1268 3960 adjectum
1282 3855 1365 3940 fuit

323 3997 414 4077 salis
442 3994 592 4076 marini
621 4015 829 4101 quantum
844 3993 889 4070 in
915 4019 1021 4098 aqua
1045 3989 1210 4072 dissolvi
1236 3993 1364 4074 maxi-

322 4159 442 4214 mum
461 4130 607 4239 potuit,
636 4129 688 4210 ad
717 4128 940 4209 lumbricos
960 4126 1211 4233 expellendos
1242 4129 1364 4210 semel

321 4289 443 4376 atque
462 4267 612 4350 iterum
631 4265 712 4347 fuit
730 4261 1047 4374 efficacissima*.

505 4451 524 4490 ²
543 4448 621 4510 vide
633 4445 766 4510 Medical
778 4445 996 4518 Transactiont,
1007 4441 1066 4508 rol.
1080 4443 1100 4504 ἰ.
1113 4446 1163 4504 54.
