<?xml version="1.0" encoding="UTF-8"?>
<!DOCTYPE html PUBLIC "-//W3C//DTD XHTML 1.0 Transitional//EN"
    "http://www.w3.org/TR/xhtml1/DTD/xhtml1-transitional.dtd">
<html xmlns="http://www.w3.org/1999/xhtml" xml:lang="en" lang="en">
 <head>
  <title>
</title>
<meta http-equiv="Content-Type" content="text/html;charset=utf-8" />
  <meta name='ocr-system' content='tesseract 3.04.00' />
  <meta name='ocr-capabilities' content='ocr_page ocr_carea ocr_par ocr_line ocrx_word'/>
</head>
<body>
  <div class='ocr_page' id='page_1' title='image "./commentariidemo00hebegoog_0333.png"; bbox 0 0 3104 5084; ppageno 0'>
   <div class='ocr_carea' id='block_1_1' title="bbox 256 656 1464 4476">
    <p class='ocr_par' dir='ltr' id='par_1_1' title="bbox 256 656 1367 1709">
     <span class='ocr_line' id='line_1_1' title="bbox 382 656 1367 776; baseline 0 -26"><span class='ocrx_word' id='word_1_1' title='bbox 382 656 537 756; x_wconf 78' lang='lat' dir='ltr'><strong>Omnes</strong></span> <span class='ocrx_word' id='word_1_2' title='bbox 563 667 657 750; x_wconf 85' lang='lat' dir='ltr'><strong>alias</strong></span> <span class='ocrx_word' id='word_1_3' title='bbox 688 667 892 776; x_wconf 84' lang='lat' dir='ltr'><strong>phthiseos</strong></span> <span class='ocrx_word' id='word_1_4' title='bbox 921 688 1050 768; x_wconf 76' lang='lat' dir='ltr'><strong>notar,</strong></span> <span class='ocrx_word' id='word_1_5' title='bbox 1080 688 1223 776; x_wconf 78' lang='lat' dir='ltr'><strong>praeter</strong></span> <span class='ocrx_word' id='word_1_6' title='bbox 1237 681 1367 776; x_wconf 67' lang='lat' dir='ltr'><strong>&#39;epure</strong></span> 
     </span>
     <span class='ocr_line' id='line_1_2' title="bbox 325 803 1367 915; baseline -0.004 -27"><span class='ocrx_word' id='word_1_7' title='bbox 325 827 492 915; x_wconf 73' lang='lat' dir='ltr'><strong>eruenta</strong></span> <span class='ocrx_word' id='word_1_8' title='bbox 505 825 546 886; x_wconf 87' lang='lat' dir='ltr'><strong>et</strong></span> <span class='ocrx_word' id='word_1_9' title='bbox 559 805 786 912; x_wconf 82' lang='lat' dir='ltr'><strong>purulenta,</strong></span> <span class='ocrx_word' id='word_1_10' title='bbox 797 803 968 884; x_wconf 88' lang='lat' dir='ltr'><strong>memini</strong></span> <span class='ocrx_word' id='word_1_11' title='bbox 980 831 1045 889; x_wconf 89' lang='lat' dir='ltr'><strong>me</strong></span> <span class='ocrx_word' id='word_1_12' title='bbox 1061 805 1205 892; x_wconf 77' lang='lat' dir='ltr'><strong>vidisse</strong></span> <span class='ocrx_word' id='word_1_13' title='bbox 1217 807 1260 884; x_wconf 91' lang='lat' dir='ltr'><strong>in</strong></span> <span class='ocrx_word' id='word_1_14' title='bbox 1272 830 1367 884; x_wconf 76' lang='lat' dir='ltr'><strong>mu-</strong></span> 
     </span>
     <span class='ocr_line' id='line_1_3' title="bbox 324 933 1366 1050; baseline -0.002 -26"><span class='ocrx_word' id='word_1_15' title='bbox 324 943 431 1042; x_wconf 88' lang='lat' dir='ltr'><strong>liere,</strong></span> <span class='ocrx_word' id='word_1_16' title='bbox 450 943 494 1023; x_wconf 91' lang='lat' dir='ltr'><strong>in</strong></span> <span class='ocrx_word' id='word_1_17' title='bbox 514 940 596 1050; x_wconf 88' lang='lat' dir='ltr'><strong>qua</strong></span> <span class='ocrx_word' id='word_1_18' title='bbox 615 933 815 1048; x_wconf 80' lang='lat' dir='ltr'><strong>glandulae</strong></span> <span class='ocrx_word' id='word_1_19' title='bbox 835 941 1061 1022; x_wconf 82' lang='lat' dir='ltr'><strong>mesenterii</strong></span> <span class='ocrx_word' id='word_1_20' title='bbox 1080 961 1170 1048; x_wconf 81' lang='lat' dir='ltr'><strong>poet</strong></span> <span class='ocrx_word' id='word_1_21' title='bbox 1189 957 1366 1026; x_wconf 85' lang='lat' dir='ltr'><strong>mortem</strong></span> 
     </span>
     <span class='ocr_line' id='line_1_4' title="bbox 324 1076 1365 1186; baseline -0.006 -24"><span class='ocrx_word' id='word_1_22' title='bbox 324 1099 488 1186; x_wconf 72' lang='lat' dir='ltr'><strong>repertae</strong></span> <span class='ocrx_word' id='word_1_23' title='bbox 517 1099 614 1160; x_wconf 81' lang='lat' dir='ltr'><strong>runt</strong></span> <span class='ocrx_word' id='word_1_24' title='bbox 651 1077 871 1176; x_wconf 81' lang='lat' dir='ltr'><strong>scirrhosae,</strong></span> <span class='ocrx_word' id='word_1_25' title='bbox 904 1099 943 1158; x_wconf 90' lang='lat' dir='ltr'><strong>et</strong></span> <span class='ocrx_word' id='word_1_26' title='bbox 976 1078 1190 1182; x_wconf 75' lang='lat' dir='ltr'>pulmones</span> <span class='ocrx_word' id='word_1_27' title='bbox 1216 1076 1365 1184; x_wconf 84' lang='lat' dir='ltr'>integri</span> 
     </span>
     <span class='ocr_line' id='line_1_5' title="bbox 323 1213 1365 1320; baseline -0.004 -22"><span class='ocrx_word' id='word_1_28' title='bbox 323 1213 502 1305; x_wconf 67' lang='lat' dir='ltr'><strong>fuerunt·</strong></span> <span class='ocrx_word' id='word_1_29' title='bbox 532 1214 785 1320; x_wconf 87' lang='lat' dir='ltr'><strong>Hujusmodi</strong></span> <span class='ocrx_word' id='word_1_30' title='bbox 798 1213 978 1319; x_wconf 78' lang='lat' dir='ltr'><strong>exempla</strong></span> <span class='ocrx_word' id='word_1_31' title='bbox 990 1231 1086 1294; x_wconf 85' lang='lat' dir='ltr'><strong>sunt</strong></span> <span class='ocrx_word' id='word_1_32' title='bbox 1098 1213 1267 1320; x_wconf 88' lang='lat' dir='ltr'><strong>quidem</strong></span> <span class='ocrx_word' id='word_1_33' title='bbox 1278 1237 1365 1294; x_wconf 87' lang='lat' dir='ltr'><strong>tarn</strong></span> 
     </span>
     <span class='ocr_line' id='line_1_6' title="bbox 324 1349 1365 1450; baseline -0.005 -13"><span class='ocrx_word' id='word_1_34' title='bbox 324 1372 425 1450; x_wconf 84' lang='lat' dir='ltr'><strong>rara,</strong></span> <span class='ocrx_word' id='word_1_35' title='bbox 446 1375 494 1434; x_wconf 87' lang='lat' dir='ltr'><strong>ut</strong></span> <span class='ocrx_word' id='word_1_36' title='bbox 512 1351 624 1432; x_wconf 90' lang='lat' dir='ltr'><strong>haud</strong></span> <span class='ocrx_word' id='word_1_37' title='bbox 644 1352 825 1432; x_wconf 89' lang='lat' dir='ltr'><strong>multum</strong></span> <span class='ocrx_word' id='word_1_38' title='bbox 843 1349 1031 1432; x_wconf 84' lang='lat' dir='ltr'><strong>dubitare</strong></span> <span class='ocrx_word' id='word_1_39' title='bbox 1059 1351 1174 1430; x_wconf 86' lang='lat' dir='ltr'><strong>liceat</strong></span> <span class='ocrx_word' id='word_1_40' title='bbox 1191 1351 1243 1430; x_wconf 73' lang='lat' dir='ltr'><strong>vde</strong></span> <span class='ocrx_word' id='word_1_41' title='bbox 1262 1351 1365 1432; x_wconf 80' lang='lat' dir='ltr'><strong>virio</strong></span> 
     </span>
     <span class='ocr_line' id='line_1_7' title="bbox 324 1481 1364 1594; baseline 0.002 -26"><span class='ocrx_word' id='word_1_42' title='bbox 324 1489 546 1594; x_wconf 88' lang='lat' dir='ltr'><strong>pulmonis,</strong></span> <span class='ocrx_word' id='word_1_43' title='bbox 573 1488 649 1594; x_wconf 84' lang='lat' dir='ltr'><strong>ubi</strong></span> <span class='ocrx_word' id='word_1_44' title='bbox 668 1509 808 1568; x_wconf 85' lang='lat' dir='ltr'><strong>caetera</strong></span> <span class='ocrx_word' id='word_1_45' title='bbox 832 1481 947 1594; x_wconf 76' lang='lat' dir='ltr'><strong>signa</strong></span> <span class='ocrx_word' id='word_1_46' title='bbox 973 1486 1140 1586; x_wconf 86' lang='lat' dir='ltr'><strong>fuerint,</strong></span> <span class='ocrx_word' id='word_1_47' title='bbox 1168 1487 1259 1568; x_wconf 87' lang='lat' dir='ltr'><strong>licet</strong></span> <span class='ocrx_word' id='word_1_48' title='bbox 1276 1486 1364 1570; x_wconf 84' lang='lat' dir='ltr'><strong>haec</strong></span> 
     </span>
     <span class='ocr_line' id='line_1_8' title="bbox 256 1605 713 1709; baseline 0 -5"><span class='ocrx_word' id='word_1_49' title='bbox 256 1617 260 1628; x_wconf 76' lang='grc'>’</span> <span class='ocrx_word' id='word_1_50' title='bbox 311 1623 408 1709; x_wconf 67' lang='lat' dir='ltr'><strong>,duo</strong></span> <span class='ocrx_word' id='word_1_51' title='bbox 427 1605 713 1708; x_wconf 81' lang='lat' dir='ltr'><strong>desiderentur.</strong></span> 
     </span>
    </p>

    <p class='ocr_par' dir='ltr' id='par_1_2' title="bbox 259 1754 1464 4476">
     <span class='ocr_line' id='line_1_9' title="bbox 323 1754 1364 1866; baseline 0 -26"><span class='ocrx_word' id='word_1_52' title='bbox 323 1821 337 1848; x_wconf 79' lang='grc'><strong>.,</strong></span> <span class='ocrx_word' id='word_1_53' title='bbox 378 1761 509 1842; x_wconf 80' lang='lat' dir='ltr'>Tabes</span> <span class='ocrx_word' id='word_1_54' title='bbox 523 1754 651 1840; x_wconf 87' lang='lat' dir='ltr'><strong>inillis</strong></span> <span class='ocrx_word' id='word_1_55' title='bbox 667 1760 822 1842; x_wconf 79' lang='lat' dir='ltr'><strong>morbis</strong></span> <span class='ocrx_word' id='word_1_56' title='bbox 835 1781 1086 1859; x_wconf 83' lang='lat' dir='ltr'><strong>numeratur,</strong></span> <span class='ocrx_word' id='word_1_57' title='bbox 1099 1759 1364 1866; x_wconf 81' lang='lat' dir='ltr'><strong>quiaparen·</strong></span> 
     </span>
     <span class='ocr_line' id='line_1_10' title="bbox 321 1897 1363 2004; baseline -0.004 -24"><span class='ocrx_word' id='word_1_58' title='bbox 321 1898 433 1980; x_wconf 80' lang='lat' dir='ltr'><strong>tibur</strong></span> <span class='ocrx_word' id='word_1_59' title='bbox 465 1899 607 2004; x_wconf 84' lang='lat' dir='ltr'><strong>procul</strong></span> <span class='ocrx_word' id='word_1_60' title='bbox 636 1898 751 1978; x_wconf 90' lang='lat' dir='ltr'><strong>omni</strong></span> <span class='ocrx_word' id='word_1_61' title='bbox 779 1897 908 1978; x_wconf 91' lang='lat' dir='ltr'><strong>dubio</strong></span> <span class='ocrx_word' id='word_1_62' title='bbox 928 1925 1032 2002; x_wconf 80' lang='lat' dir='ltr'><strong>saepe</strong></span> <span class='ocrx_word' id='word_1_63' title='bbox 1058 1897 1243 1996; x_wconf 82' lang='lat' dir='ltr'><strong>derivati,</strong></span> <span class='ocrx_word' id='word_1_64' title='bbox 1270 1923 1363 1978; x_wconf 83' lang='lat' dir='ltr'><strong>raro</strong></span> 
     </span>
     <span class='ocr_line' id='line_1_11' title="bbox 322 2031 1363 2140; baseline -0.005 -21"><span class='ocrx_word' id='word_1_65' title='bbox 322 2053 520 2122; x_wconf 79' lang='lat' dir='ltr'><strong>tamense</strong></span> <span class='ocrx_word' id='word_1_66' title='bbox 547 2033 737 2140; x_wconf 11' lang='lat' dir='ltr'><strong>&#39;produnt&#39;</strong></span> <span class='ocrx_word' id='word_1_67' title='bbox 753 2053 844 2114; x_wconf 84' lang='lat' dir='ltr'><strong>ante</strong></span> <span class='ocrx_word' id='word_1_68' title='bbox 873 2033 1138 2139; x_wconf 80' lang='lat' dir='ltr'><strong>pubertatem.</strong></span> <span class='ocrx_word' id='word_1_69' title='bbox 1195 2033 1263 2114; x_wconf 90' lang='lat' dir='ltr'><strong>Ab</strong></span> <span class='ocrx_word' id='word_1_70' title='bbox 1282 2031 1363 2114; x_wconf 86' lang='lat' dir='ltr'><strong>hoo</strong></span> 
     </span>
     <span class='ocr_line' id='line_1_12' title="bbox 322 2145 1361 2279; baseline -0.003 -27"><span class='ocrx_word' id='word_1_71' title='bbox 322 2187 502 2279; x_wconf 83' lang='lat' dir='ltr'><strong>tempore</strong></span> <span class='ocrx_word' id='word_1_72' title='bbox 521 2170 573 2252; x_wconf 89' lang='lat' dir='ltr'><strong>ad</strong></span> <span class='ocrx_word' id='word_1_73' title='bbox 599 2197 756 2250; x_wconf 88' lang='lat' dir='ltr'><strong>annum</strong></span> <span class='ocrx_word' id='word_1_74' title='bbox 775 2145 1031 2276; x_wconf 85' lang='lat' dir='ltr'><strong>trigesimum</strong></span> <span class='ocrx_word' id='word_1_75' title='bbox 1050 2169 1247 2276; x_wconf 82' lang='lat' dir='ltr'><strong>praecipue</strong></span> <span class='ocrx_word' id='word_1_76' title='bbox 1272 2197 1361 2275; x_wconf 78' lang='lat' dir='ltr'><strong>pes-</strong></span> 
     </span>
     <span class='ocr_line' id='line_1_13' title="bbox 321 2303 1360 2412; baseline -0.004 -22"><span class='ocrx_word' id='word_1_77' title='bbox 321 2303 439 2392; x_wconf 83' lang='lat' dir='ltr'><strong>tifera</strong></span> <span class='ocrx_word' id='word_1_78' title='bbox 456 2329 525 2388; x_wconf 78' lang='lat' dir='ltr'><strong>eet</strong></span> <span class='ocrx_word' id='word_1_79' title='bbox 583 2307 661 2388; x_wconf 88' lang='lat' dir='ltr'><strong>Sed</strong></span> <span class='ocrx_word' id='word_1_80' title='bbox 679 2306 867 2386; x_wconf 88' lang='lat' dir='ltr'><strong>nonnulli</strong></span> <span class='ocrx_word' id='word_1_81' title='bbox 878 2305 967 2412; x_wconf 89' lang='lat' dir='ltr'><strong>jam</strong></span> <span class='ocrx_word' id='word_1_82' title='bbox 985 2304 1294 2412; x_wconf 84' lang='lat' dir='ltr'><strong>&#39;quadragenarii</strong></span> <span class='ocrx_word' id='word_1_83' title='bbox 1312 2333 1360 2386; x_wconf 84' lang='lat' dir='ltr'><strong>ea</strong></span> 
     </span>
     <span class='ocr_line' id='line_1_14' title="bbox 322 2440 1359 2552; baseline -0.003 -25"><span class='ocrx_word' id='word_1_84' title='bbox 322 2466 534 2551; x_wconf 80' lang='lat' dir='ltr'><strong>coeperunt</strong></span> <span class='ocrx_word' id='word_1_85' title='bbox 548 2440 747 2550; x_wconf 87' lang='lat' dir='ltr'><strong>occupari,</strong></span> <span class='ocrx_word' id='word_1_86' title='bbox 761 2465 801 2522; x_wconf 91' lang='lat' dir='ltr'><strong>et</strong></span> <span class='ocrx_word' id='word_1_87' title='bbox 816 2443 1020 2549; x_wconf 88' lang='lat' dir='ltr'><strong>perierunt</strong></span> <span class='ocrx_word' id='word_1_88' title='bbox 1032 2465 1249 2552; x_wconf 86' lang='lat' dir='ltr'><strong>postquam</strong></span> <span class='ocrx_word' id='word_1_89' title='bbox 1260 2469 1359 2524; x_wconf 87' lang='lat' dir='ltr'><strong>cum</strong></span> 
     </span>
     <span class='ocr_line' id='line_1_15' title="bbox 322 2559 1359 2686; baseline -0.002 -22"><span class='ocrx_word' id='word_1_90' title='bbox 322 2559 447 2686; x_wconf 76' lang='lat' dir='ltr'><strong>tignis</strong></span> <span class='ocrx_word' id='word_1_91' title='bbox 459 2579 581 2686; x_wconf 86' lang='lat' dir='ltr'><strong>hujua</strong></span> <span class='ocrx_word' id='word_1_92' title='bbox 597 2580 734 2660; x_wconf 87' lang='lat' dir='ltr'>morbi</span> <span class='ocrx_word' id='word_1_93' title='bbox 752 2578 951 2660; x_wconf 81' lang='lat' dir='ltr'><strong>consuetis</strong></span> <span class='ocrx_word' id='word_1_94' title='bbox 969 2599 1145 2685; x_wconf 85' lang='lat' dir='ltr'><strong>quatuor</strong></span> <span class='ocrx_word' id='word_1_95' title='bbox 1158 2581 1221 2660; x_wconf 85' lang='lat' dir='ltr'><strong>rel</strong></span> <span class='ocrx_word' id='word_1_96' title='bbox 1236 2581 1359 2686; x_wconf 89' lang='lat' dir='ltr'><strong>quin-</strong></span> 
     </span>
     <span class='ocr_line' id='line_1_16' title="bbox 323 2695 1358 2825; baseline 0 -27"><span class='ocrx_word' id='word_1_97' title='bbox 323 2695 404 2825; x_wconf 76' lang='lat' dir='ltr'><strong>que</strong></span> <span class='ocrx_word' id='word_1_98' title='bbox 415 2744 542 2798; x_wconf 87' lang='lat' dir='ltr'><strong>annos</strong></span> <span class='ocrx_word' id='word_1_99' title='bbox 553 2713 772 2798; x_wconf 85' lang='lat' dir='ltr'><strong>conflictati</strong></span> <span class='ocrx_word' id='word_1_100' title='bbox 783 2715 954 2796; x_wconf 86' lang='lat' dir='ltr'><strong>fuerant.</strong></span> <span class='ocrx_word' id='word_1_101' title='bbox 1011 2716 1124 2796; x_wconf 79' lang='lat' dir='ltr'><strong>Alios</strong></span> <span class='ocrx_word' id='word_1_102' title='bbox 1136 2715 1254 2798; x_wconf 80' lang='lat' dir='ltr'><strong>tussis</strong></span> <span class='ocrx_word' id='word_1_103' title='bbox 1265 2715 1358 2822; x_wconf 70' lang='lat' dir='ltr'><strong>fati-1</strong></span> 
     </span>
     <span class='ocr_line' id='line_1_17' title="bbox 322 2835 1358 2960; baseline 0.002 -28"><span class='ocrx_word' id='word_1_104' title='bbox 322 2835 433 2958; x_wconf 81' lang='lat' dir='ltr'><strong>gavit</strong></span> <span class='ocrx_word' id='word_1_105' title='bbox 446 2852 618 2958; x_wconf 74' lang='lat' dir='ltr'><strong>amplius</strong></span> <span class='ocrx_word' id='word_1_106' title='bbox 634 2851 780 2957; x_wconf 89' lang='lat' dir='ltr'><strong>viginti</strong></span> <span class='ocrx_word' id='word_1_107' title='bbox 799 2879 940 2951; x_wconf 82' lang='lat' dir='ltr'><strong>annos,</strong></span> <span class='ocrx_word' id='word_1_108' title='bbox 959 2851 1032 2958; x_wconf 89' lang='lat' dir='ltr'><strong>qui</strong></span> <span class='ocrx_word' id='word_1_109' title='bbox 1051 2850 1216 2934; x_wconf 85' lang='lat' dir='ltr'><strong>tandem</strong></span> <span class='ocrx_word' id='word_1_110' title='bbox 1235 2853 1358 2960; x_wconf 88' lang='lat' dir='ltr'><strong>quin·</strong></span> 
     </span>
     <span class='ocr_line' id='line_1_18' title="bbox 324 2969 1357 3097; baseline 0.002 -27"><span class='ocrx_word' id='word_1_111' title='bbox 324 2969 557 3097; x_wconf 77' lang='lat' dir='ltr'><strong>quagenarii</strong></span> <span class='ocrx_word' id='word_1_112' title='bbox 585 2987 681 3070; x_wconf 84' lang='lat' dir='ltr'><strong>facti</strong></span> <span class='ocrx_word' id='word_1_113' title='bbox 701 3017 795 3069; x_wconf 85' lang='lat' dir='ltr'><strong>vera</strong></span> <span class='ocrx_word' id='word_1_114' title='bbox 822 2987 975 3095; x_wconf 81' lang='lat' dir='ltr'><strong>phthisi</strong></span> <span class='ocrx_word' id='word_1_115' title='bbox 995 2987 1213 3095; x_wconf 85' lang='lat' dir='ltr'><strong>pulmonis,</strong></span> <span class='ocrx_word' id='word_1_116' title='bbox 1241 2989 1357 3095; x_wconf 72' lang='lat' dir='ltr'><strong>cujus</strong></span> 
     </span>
     <span class='ocr_line' id='line_1_19' title="bbox 322 3123 1358 3232; baseline 0 -26"><span class='ocrx_word' id='word_1_117' title='bbox 322 3123 460 3222; x_wconf 76' lang='lat' dir='ltr'><strong>omnia</strong></span> <span class='ocrx_word' id='word_1_118' title='bbox 471 3127 585 3232; x_wconf 79' lang='lat' dir='ltr'><strong>tigna</strong></span> <span class='ocrx_word' id='word_1_119' title='bbox 595 3153 676 3232; x_wconf 81' lang='lat' dir='ltr'><strong>prae</strong></span> <span class='ocrx_word' id='word_1_120' title='bbox 693 3153 734 3206; x_wconf 82' lang='lat' dir='ltr'><strong>ae</strong></span> <span class='ocrx_word' id='word_1_121' title='bbox 745 3125 939 3225; x_wconf 76' lang='lat' dir='ltr'><strong>tulerunt,</strong></span> <span class='ocrx_word' id='word_1_122' title='bbox 953 3125 1106 3206; x_wconf 89' lang='lat' dir='ltr'><strong>mortui</strong></span> <span class='ocrx_word' id='word_1_123' title='bbox 1121 3147 1227 3206; x_wconf 81' lang='lat' dir='ltr'><strong>eunt.</strong></span> <span class='ocrx_word' id='word_1_124' title='bbox 1261 3127 1358 3206; x_wconf 76' lang='lat' dir='ltr'><strong>Usi-</strong></span> 
     </span>
     <span class='ocr_line' id='line_1_20' title="bbox 321 3261 1357 3369; baseline 0 -27"><span class='ocrx_word' id='word_1_125' title='bbox 321 3261 441 3342; x_wconf 87' lang='lat' dir='ltr'><strong>tatior</strong></span> <span class='ocrx_word' id='word_1_126' title='bbox 469 3261 637 3369; x_wconf 88' lang='lat' dir='ltr'><strong>quidem</strong></span> <span class='ocrx_word' id='word_1_127' title='bbox 661 3263 789 3343; x_wconf 85' lang='lat' dir='ltr'><strong>exitus</strong></span> <span class='ocrx_word' id='word_1_128' title='bbox 820 3282 891 3360; x_wconf 81' lang='lat' dir='ltr'><strong>eet,</strong></span> <span class='ocrx_word' id='word_1_129' title='bbox 919 3283 967 3342; x_wconf 91' lang='lat' dir='ltr'><strong>ut</strong></span> <span class='ocrx_word' id='word_1_130' title='bbox 994 3287 1097 3368; x_wconf 84' lang='lat' dir='ltr'><strong>quos</strong></span> <span class='ocrx_word' id='word_1_131' title='bbox 1118 3261 1289 3368; x_wconf 80' lang='lat' dir='ltr'><strong>juvenes</strong></span> <span class='ocrx_word' id='word_1_132' title='bbox 1315 3285 1357 3342; x_wconf 86' lang='lat' dir='ltr'><strong>et</strong></span> 
     </span>
     <span class='ocr_line' id='line_1_21' title="bbox 273 3367 1356 3505; baseline 0 -26"><span class='ocrx_word' id='word_1_133' title='bbox 273 3367 279 3390; x_wconf 57' lang='lat'><em>⁰</em></span> <span class='ocrx_word' id='word_1_134' title='bbox 322 3393 479 3490; x_wconf 73' lang='lat' dir='ltr'><strong>adultos</strong></span> <span class='ocrx_word' id='word_1_135' title='bbox 494 3399 614 3505; x_wconf 86' lang='lat' dir='ltr'><strong>longa</strong></span> <span class='ocrx_word' id='word_1_136' title='bbox 632 3398 751 3480; x_wconf 84' lang='lat' dir='ltr'><strong>tussis</strong></span> <span class='ocrx_word' id='word_1_137' title='bbox 770 3398 984 3497; x_wconf 74' lang='lat' dir='ltr'><strong>vexaverit,</strong></span> <span class='ocrx_word' id='word_1_138' title='bbox 1010 3425 1076 3480; x_wconf 85' lang='lat' dir='ltr'><strong>eos</strong></span> <span class='ocrx_word' id='word_1_139' title='bbox 1095 3398 1140 3478; x_wconf 89' lang='lat' dir='ltr'><strong>in</strong></span> <span class='ocrx_word' id='word_1_140' title='bbox 1154 3419 1356 3480; x_wconf 76' lang='lat' dir='ltr'><strong>senectute</strong></span> 
     </span>
     <span class='ocr_line' id='line_1_22' title="bbox 321 3521 1356 3642; baseline -0.001 -25"><span class='ocrx_word' id='word_1_141' title='bbox 321 3533 740 3626; x_wconf 75' lang='lat' dir='ltr'><strong>reddataethmaticos.</strong></span> <span class='ocrx_word' id='word_1_142' title='bbox 771 3521 1254 3641; x_wconf 81' lang='lat' dir='ltr'><strong>Fieripoteetutmorbilli</strong></span> <span class='ocrx_word' id='word_1_143' title='bbox 1265 3561 1356 3642; x_wconf 72' lang='lat' dir='ltr'><strong>gra·</strong></span> 
     </span>
     <span class='ocr_line' id='line_1_23' title="bbox 320 3669 1395 3785; baseline 0.002 -33"><span class='ocrx_word' id='word_1_144' title='bbox 320 3669 465 3772; x_wconf 73' lang='lat' dir='ltr'><strong>viores,</strong></span> <span class='ocrx_word' id='word_1_145' title='bbox 490 3671 554 3752; x_wconf 77' lang='lat' dir='ltr'><strong>tel</strong></span> <span class='ocrx_word' id='word_1_146' title='bbox 581 3669 929 3779; x_wconf 74' lang='lat' dir='ltr'><strong>peripneumonia,</strong></span> <span class='ocrx_word' id='word_1_147' title='bbox 956 3672 1020 3752; x_wconf 82' lang='lat' dir='ltr'><strong>vel</strong></span> <span class='ocrx_word' id='word_1_148' title='bbox 1041 3671 1160 3753; x_wconf 81' lang='lat' dir='ltr'><strong>tussia</strong></span> <span class='ocrx_word' id='word_1_149' title='bbox 1187 3673 1358 3754; x_wconf 80' lang='lat' dir='ltr'><strong>convul-</strong></span> <span class='ocrx_word' id='word_1_150' title='bbox 1391 3779 1395 3785; x_wconf 26' lang='grc'><strong>,</strong></span> 
     </span>
     <span class='ocr_line' id='line_1_24' title="bbox 321 3789 1429 3909; baseline -0.001 -18"><span class='ocrx_word' id='word_1_151' title='bbox 321 3805 419 3909; x_wconf 75' lang='lat' dir='ltr'><strong>riva,</strong></span> <span class='ocrx_word' id='word_1_152' title='bbox 437 3807 501 3889; x_wconf 81' lang='lat' dir='ltr'><strong>vel</strong></span> <span class='ocrx_word' id='word_1_153' title='bbox 514 3805 591 3890; x_wconf 82' lang='lat' dir='ltr'><strong>alia</strong></span> <span class='ocrx_word' id='word_1_154' title='bbox 607 3807 772 3890; x_wconf 77' lang='lat' dir='ltr'><strong>adversa</strong></span> <span class='ocrx_word' id='word_1_155' title='bbox 787 3807 989 3908; x_wconf 86' lang='lat' dir='ltr'><strong>valetudo,</strong></span> <span class='ocrx_word' id='word_1_156' title='bbox 1001 3809 1163 3890; x_wconf 87' lang='lat' dir='ltr'><strong>latentia</strong></span> <span class='ocrx_word' id='word_1_157' title='bbox 1173 3807 1277 3890; x_wconf 79' lang='lat' dir='ltr'><strong>tabis</strong></span> <span class='ocrx_word' id='word_1_158' title='bbox 1297 3835 1357 3890; x_wconf 77' lang='lat' dir='ltr'><strong>ee.-</strong></span> <span class='ocrx_word' id='word_1_159' title='bbox 1391 3813 1395 3820; x_wconf 62' lang='lat'><strong>⁴</strong></span> <span class='ocrx_word' id='word_1_160' title='bbox 1425 3789 1429 3796; x_wconf 36' lang='lat'><strong><em>⁴</em></strong></span> 
     </span>
     <span class='ocr_line' id='line_1_25' title="bbox 295 3924 1356 4052; baseline -0.003 -24"><span class='ocrx_word' id='word_1_161' title='bbox 295 3943 434 4052; x_wconf 20' lang='lat' dir='ltr'><strong>‘mina</strong></span> <span class='ocrx_word' id='word_1_162' title='bbox 458 3924 651 4045; x_wconf 43' lang='lat' dir='ltr'><strong>excitano,</strong></span> <span class='ocrx_word' id='word_1_163' title='bbox 669 3945 734 4026; x_wconf 85' lang='lat' dir='ltr'><strong>vel</strong></span> <span class='ocrx_word' id='word_1_164' title='bbox 751 3944 874 4026; x_wconf 85' lang='lat' dir='ltr'><strong>etiam</strong></span> <span class='ocrx_word' id='word_1_165' title='bbox 902 3945 1086 4052; x_wconf 84' lang='lat' dir='ltr'><strong>gignant,</strong></span> <span class='ocrx_word' id='word_1_166' title='bbox 1112 3968 1197 4028; x_wconf 86' lang='lat' dir='ltr'><strong>tam</strong></span> <span class='ocrx_word' id='word_1_167' title='bbox 1219 3945 1266 4025; x_wconf 83' lang='lat' dir='ltr'><strong>in&#39;</strong></span> <span class='ocrx_word' id='word_1_168' title='bbox 1291 3945 1356 4026; x_wconf 68' lang='lat' dir='ltr'><strong>ul⁴</strong></span> 
     </span>
     <span class='ocr_line' id='line_1_26' title="bbox 259 4080 1355 4188; baseline 0.001 -28"><span class='ocrx_word' id='word_1_169' title='bbox 259 4084 264 4094; x_wconf 82' lang='grc'><em>“</em></span> <span class='ocrx_word' id='word_1_170' title='bbox 319 4081 420 4180; x_wconf 79' lang='lat' dir='ltr'><strong>tima</strong></span> <span class='ocrx_word' id='word_1_171' title='bbox 437 4101 651 4181; x_wconf 81' lang='lat' dir='ltr'><strong>renectute,</strong></span> <span class='ocrx_word' id='word_1_172' title='bbox 669 4107 796 4188; x_wconf 88' lang='lat' dir='ltr'><strong>quam</strong></span> <span class='ocrx_word' id='word_1_173' title='bbox 808 4081 853 4162; x_wconf 93' lang='lat' dir='ltr'><strong>in</strong></span> <span class='ocrx_word' id='word_1_174' title='bbox 867 4080 1070 4188; x_wconf 77' lang='lat' dir='ltr'><strong>pueritia3&#39;</strong></span> <span class='ocrx_word' id='word_1_175' title='bbox 1086 4081 1201 4188; x_wconf 79' lang='lat' dir='ltr'><strong>cujus</strong></span> <span class='ocrx_word' id='word_1_176' title='bbox 1216 4082 1272 4164; x_wconf 86' lang='lat' dir='ltr'><strong>rei</strong></span> <span class='ocrx_word' id='word_1_177' title='bbox 1287 4109 1355 4162; x_wconf 72' lang='lat' dir='ltr'><strong>err·</strong></span> 
     </span>
     <span class='ocr_line' id='line_1_27' title="bbox 302 4206 1284 4325; baseline -0.003 -25"><span class='ocrx_word' id='word_1_178' title='bbox 302 4215 453 4324; x_wconf 69' lang='lat' dir='ltr'><strong>‘empla</strong></span> <span class='ocrx_word' id='word_1_179' title='bbox 469 4213 890 4325; x_wconf 83' lang='lat' dir='ltr'><strong>ubiqueobviaeunt.</strong></span> <span class='ocrx_word' id='word_1_180' title='bbox 1281 4206 1284 4218; x_wconf 68' lang='grc'>’</span> 
     </span>
     <span class='ocr_line' id='line_1_28' title="bbox 376 4352 1464 4476; baseline 0.002 -40"><span class='ocrx_word' id='word_1_181' title='bbox 376 4352 439 4476; x_wconf 83' lang='lat' dir='ltr'><strong>Illi</strong></span> <span class='ocrx_word' id='word_1_182' title='bbox 456 4353 632 4474; x_wconf 81' lang='lat' dir='ltr'><strong>maxime</strong></span> <span class='ocrx_word' id='word_1_183' title='bbox 651 4353 900 4460; x_wconf 86' lang='lat' dir='ltr'><strong>objiciuntur</strong></span> <span class='ocrx_word' id='word_1_184' title='bbox 923 4353 1076 4464; x_wconf 76' lang='lat' dir='ltr'><strong>phthisi</strong></span> <span class='ocrx_word' id='word_1_185' title='bbox 1095 4355 1366 4464; x_wconf 70' lang='lat' dir='ltr'><strong>pulmonum:</strong></span> <span class='ocrx_word' id='word_1_186' title='bbox 1459 4361 1464 4370; x_wconf 89' lang='grc'><strong>’</strong></span> 
     </span>
    </p>
   </div>
   <div class='ocr_carea' id='block_1_2' title="bbox 0 0 1556 5084">
    <p class='ocr_par' dir='ltr' id='par_1_3' title="bbox 0 0 1556 5084">
     <span class='ocr_line' id='line_1_29' title="bbox 0 0 1556 5084; baseline 0 2"><span class='ocrx_word' id='word_1_187' title='bbox 0 0 1556 5084; x_wconf 95' lang='lat' dir='ltr'><strong> </strong></span> 
     </span>
    </p>
   </div>
  </div>
 </body>
</html>
