3050 5084
169 735 283 838 brici,
294 735 416 818 etiam
427 731 486 816 illi
499 731 574 842 qui
585 733 718 814 solum
730 733 776 812 in
787 731 1047 814 crassioribus
1058 709 1225 814 intesti-⁴

169 873 231 954 nis
246 873 515 980 reperiuntur,
536 870 811 950 ventriculum
822 870 867 948 in
883 869 1113 950 societatem
1129 896 1216 950 ute·

169 1011 304 1092 lorum
322 1007 405 1102 fere
425 1035 582 1115 semper
601 1029 827 1088 assumunt.

227 1146 356 1258 Quod
387 1117 420 1226 si
449 1145 560 1226 nulla
593 1171 642 1226 ex
666 1143 794 1224 causis
814 1141 1013 1249 praedictis
1033 1143 1216 1251 inculpa

168 1281 306 1383 fuerit,
332 1303 372 1364 et
392 1281 509 1363 dolor
527 1283 613 1362 non'
628 1281 781 1360 oriatur
800 1309 823 1360 a
842 1307 1012 1380 veneno,
1039 1308 1173 1388 neque
1193 1309 1217 1360 a
1246 1389 1248 1392 Ι

169 1421 261 1502 cibo
276 1421 414 1500 minus
428 1419 605 1519 salutati,
624 1419 657 1498 si
672 1417 880 1499 interdum
894 1418 946 1498 sit
959 1417 1042 1498 fere
1054 1415 1218 1526 impeti-

168 1555 276 1658 bilis,
287 1579 328 1638 at
338 1554 488 1638 multas
501 1551 1217 1670 habeatnecbrevesintermissiones,

170 1694 204 1774 si
229 1693 408 1802 denique
427 1693 615 1774 valetudo
634 1693 882 1799 caeteroquin
900 1693 1010 1774 bona
1030 1692 1105 1794 sit;
1134 1693 1216 1774 illic

163 1829 391 1940 justissima
403 1828 480 1914 erit
494 1831 668 1939 suspicio
684 1831 826 1912 calculi
837 1829 882 1910 in
896 1829 989 1910 bilis
1009 1831 1215 1912 canalibus

39 2007 43 2014 ·
169 1966 370 2052 haetentis.
429 1969 538 2076 Saepe
571 1965 764 2076 equidem
785 1967 871 2047 vidi
889 1967 1046 2048 dolores
1066 1968 1218 2050 uentri-¹

126 2180 127 2184 Ν
169 2105 265 2206 culi,
293 2125 511 2212 postquam
541 2103 691 2186 multos
723 2131 864 2204 annos,
891 2103 1101 2186 interdum
1130 2131 1217 2188 non

168 2241 377 2347 pauciores
396 2241 558 2348 viginti,
586 2240 745 2322 molesti
763 2239 938 2340 fuerant,
967 2242 1134 2354 tandem
1151 2245 1216 2324 vel

168 2377 214 2457 in
248 2379 422 2458 ictorum
454 2378 628 2478 desiisse,
657 2378 720 2458 vel
751 2377 903 2458 calculo
934 2375 1037 2456 fellis
1064 2377 1217 2484 dejecto

169 2511 309 2596 finitos
325 2539 407 2596 esse
422 2549 434 2615 ς
452 2536 500 2596 ut
519 2513 720 2596 dubitatio
739 2515 873 2594 omnis
892 2513 942 2594 de
960 2539 1103 2594 eorum
1121 2543 1217 2597 cau-

170 2679 213 2732 sa
243 2673 345 2748 esset
373 2629 543 2732 sublatass
601 2652 650 2730 ln
681 2650 766 2730 aliis
794 2672 944 2750 autem,
973 2651 1047 2756 qui
1065 2651 1217 2735 incide·

130 2861 140 2878 χ
169 2805 264 2869 rant
282 2787 328 2868 in
342 2788 527 2888 icterum,
547 2813 672 2894 quem
691 2807 940 2894 praecetserat
957 2787 1073 2868 dolor
1084 2789 1217 2870 saevis-

170 2925 315 3026 simus,
333 2945 373 3006 et
391 2951 608 3033 nunquam
627 2925 939 3021 obliviscendus,
955 2952 1093 3006 sensus
1112 2927 1217 3033 ejus·

170 3063 268 3145 dem
282 3063 431 3144 doloris
447 3063 675 3144 inordinate
687 3064 806 3142 rediit
822 3064 945 3143 modo
965 3091 1062 3144 cum
1080 3043 1217 3167 ictero,

170 3201 298 3281 modo
318 3200 481 3302 sineeo,
509 3227 581 3308 per
610 3201 830 3282 duodecim
863 3225 1003 3301 annos,
1030 3224 1102 3284 aut
1130 3229 1217 3284 am·

171 3332 291 3443 plius.
349 3337 547 3418 Nonnulli
579 3363 650 3443 per
678 3337 899 3416 maximam
916 3338 1042 3419 aetatis
1061 3361 1216 3446 partem

170 3475 397 3558 identidem
427 3477 582 3584 experti
616 3499 713 3558 sunt
730 3477 952 3556 obscurum
971 3475 1154 3560 dolorem
1171 3478 1216 3558 in

172 3614 413 3714 ventriculo,
441 3616 504 3694 vel
537 3614 581 3694 in
615 3613 698 3719 ejus
725 3613 897 3713 vicinia;
927 3637 1018 3720 post
1036 3640 1217 3721 quorum

170 3763 351 3832 mortem
380 3751 425 3832 in
454 3751 584 3831 vesica
613 3747 727 3850 fellea
752 3751 926 3832 calculus
948 3773 1125 3858 repertus
1145 3773 1215 3834 est.

171 3888 258 3968 Hic
276 3885 447 3970 forsitan
465 3887 569 3968 dum
597 3887 806 3968 leviterin
825 3889 954 3968 vesica
974 3906 1217 3988 moveretur,

172 4026 239 4103 uel
257 4024 395 4106 minus
414 4023 629 4106 commode
644 4023 744 4105 situs
758 4047 870 4126 esset,
898 4025 1080 4106 dolorem
1098 4025 1216 4106 illum
1283 4131 1287 4138 ι

173 4161 398 4243 obscurum
427 4157 575 4243 inferre
594 4157 813 4269 potuissem
842 4183 881 4242 et
903 4183 1154 4245 tamencum
1173 4162 1218 4242 in

173 4303 356 4384 canalem
371 4301 581 4387 biliferum
600 4329 816 4410 nunquam
836 4303 1035 4408 impulsus
1063 4301 1219 4401 fuisset,
