3016 5076
183 701 275 804 erit.
298 699 360 789 ibi
384 699 489 784 illud
505 701 656 784 solum'
671 699 808 784 moliri
826 701 1045 810 oportebit,
1057 725 1107 788 ut
1120 703 1240 808 vires,

184 862 393 950 quantum
407 837 497 924 lieri
511 861 655 946 potest,
678 863 984 944 conserventur,
1001 863 1132 952 utque
1150 871 1241 926 om·

185 1003 255 1060 nee
275 978 477 1059 naturales
497 977 672 1059 actiones
689 1003 817 1084 quam
843 975 1018 1060 minime
1035 979 1247 1082 laborent3.

185 1138 331 1199 verum
358 1137 407 1198 ut
436 1114 627 1199 ciborum
646 1113 859 1222 cupiditas,
884 1135 926 1198 et
949 1115 1171 1216 concoctio,
1190 1137 1239 1198 ut

183 1253 313 1354 alvus,
331 1275 371 1336 et
382 1279 566 1354 somnus,
578 1274 619 1336 et
630 1275 835 1360 quaesunt
846 1252 1099 1360 hujusmodi,
1110 1279 1239 1362 quam

185 1389 362 1474 maxime
390 1387 505 1492 fiant,
524 1389 880 1500 quemadmodum
898 1389 1136 1477 naturaliter
1152 1419 1238 1476 esse

182 1525 346 1610 debent

240 1664 350 1766 Hoc,
374 1662 492 1772 quod
509 1663 721 1750 interdum
748 1664 929 1752 unicum
942 1665 1143 1748 auxilium
1170 1691 1239 1748 su·

185 1825 328 1910 pereat,
356 1831 620 1912 nequaquam
647 1805 705 1888 ita
728 1805 855 1911 accipi
874 1804 1010 1906 velim,
1036 1827 1237 1913 tanquam

182 1939 299 2047 quod
312 1969 399 2027 non
412 1941 615 2049 imprimis
630 1943 900 2024 neceesarium
919 1943 1034 2024 estin
1045 1942 1239 2024 omnium

184 2079 430 2175 morborum
454 2078 675 2167 curatione
734 2079 797 2164 De
826 2107 912 2187 quo
938 2079 1109 2188 quidem
1137 2105 1239 2186 prae·

183 2238 314 2323 cepto,
332 2245 430 2302 cum
449 2215 660 2324 permagni
673 2214 795 2300 refert
808 2217 1238 2322 ad'aegrotantiumea·

148 2370 151 2378 ’
184 2353 327 2456 lutens,
355 2355 477 2466 paulo
493 2352 625 2436 fusius
644 2351 837 2442 disserere
851 2355 962 2452 libet.

231 2491 285 2576 Tl
302 2483 1065 2598 irrepoir-siurxri-Archaeue-dpifitus
1081 2487 1236 2572 anima·
1384 2555 1386 2572 .

183 2627 659 2728 les-Netura—-Hiu
687 2651 727 2712 et
746 2629 832 2714 aliie
846 2629 1100 2736 quibusdam
1118 2653 1239 2710 voca-

183 2763 306 2864 bulis,
324 2763 389 2844 usi
418 2785 515 2849 suut
533 2765 682 2856 medici
701 2765 753 2848 ad
766 2765 1068 2873 designandum
1085 2761 1238 2872 princi·

181 2901 302 3010 pium
329 2899 433 2986 illud
452 2879 560 3002 vitae,
587 2903 671 2986 sive
685 2903 939 3010 incognitam
956 2901 1124 3012 ἐνέργειαν,
1152 2927 1237 3008 qua

181 3039 406 3127 ammanus
424 3039 478 3129 ab
491 3039 726 3134 inanimatis
745 3041 910 3127 distant.
1257 3105 1261 3116 .

234 3179 285 3260 In
304 3175 574 3286 physiologia,
590 3202 631 3262 et
648 3177 694 3262 iu
712 3177 945 3288 perissologia
958 3173 1237 3266 humanicor-
1295 3173 1297 3180 '

178 3315 290 3424 poris
316 3313 565 3422 explicanda,
594 3313 720 3401 modo
745 3315 991 3418 baudastis,
1019 3313 1146 3398 modo
1171 3311 1236 3396 ni·

177 3453 316 3534 mium
330 3451 537 3534 tributum
551 3475 611 3536 est
625 3453 826 3562 principio
843 3475 885 3540 et
902 3451 1010 3538 fonti
1029 3453 1122 3539 vitae
1148 3450 1236 3534 ani·

178 3589 308 3676 malis.
368 3589 536 3702 Quippe
565 3591 634 3680 elii
665 3589 718 3674 de
742 3590 932 3677 facultate
956 3589 1034 3674 hac
1062 3589 1236 3682 obscura

176 3728 421 3836 loquuntur,
439 3748 639 3836 tanquam
657 3729 708 3815 de
727 3729 889 3845 rebeus
906 3729 1073 3838 cognita
1089 3749 1132 3810 et
1144 3753 1236 3836 per·

177 3885 325 3974 specta,
357 3863 473 3972 cujus
508 3866 861 3956 administratione
897 3865 1156 3982 contendunt
1192 3889 1234 3954 ee
1328 3947 1332 3956 .

176 4001 369 4086 omnium
384 4003 564 4110 corporis
578 4005 802 4112 actionum,
815 4003 1158 4104 etremediorum,
1171 4027 1234 4084 ra·

177 4137 335 4222 tionem
355 4139 586 4230 reddituros
603 4177 615 4242 3
643 4141 818 4249 ingeniis
837 4143 921 4226 suia
941 4141 1074 4226 multo
1102 4139 1234 4246 magis

177 4273 337 4376 confisi,
356 4303 489 4390 quam
509 4281 758 4388 experientia
783 4301 824 4362 et
853 4305 992 4364 rerum
1010 4305 1091 4362 usu
1107 4275 1231 4396 docti.

181 4412 264 4498 Al'u'
281 4413 536 4502 musaeum
553 4443 733 4508 errorem
752 4411 1232 4525 eramuupraetermissis
