3002 5086
758 471 863 567 2⁰20

287 701 423 784 graena
435 674 560 758 fuisse
579 699 826 784 occupatam.
885 677 934 757 In
952 675 1000 759 iis
1021 677 1094 786 qui
1112 699 1343 787 coeperunt.

287 819 571 918 convalescere,
598 817 714 898 delur
733 841 916 902 mutatur
944 819 988 899 in
1007 847 1103 900 eum
1122 821 1196 928 qui
1214 843 1342 902 tactu

287 955 483 1038 excitatur
519 955 564 1034 in
601 956 689 1036 loco
725 957 865 1038 leviter
902 958 1024 1058 laes03
1062 956 1186 1038 simul
1224 983 1341 1064 aeger.

288 1117 329 1174 se
346 1093 502 1200 ubique
517 1093 639 1174 levari
659 1094 790 1174 sentit.
850 1095 897 1172 In
917 1095 964 1174 iis
986 1095 1059 1201 qui
1078 1095 1339 1195 moriuntur,

287 1227 337 1310 fit
351 1257 511 1309 summa
524 1227 702 1334 jactati0,
717 1251 838 1337 atque
851 1229 989 1310 omnia
1004 1232 1048 1310 in
1060 1231 1172 1336 pejus
1184 1253 1336 1312 ruunt.

287 1367 475 1466 Morbus,
494 1367 576 1447 sive
592 1389 740 1473 spectet
751 1367 802 1448 ad
814 1368 1038 1466 semissem,
1052 1369 1134 1448 sive
1148 1367 1204 1449 ad
1216 1397 1340 1450 mor-

286 1521 387 1602 tem,‘
411 1502 486 1584 erit
504 1503 628 1582 modo
657 1505 822 1603 tardior,
850 1505 974 1584 modo
997 1507 1173 1606 brevior,
1200 1528 1249 1587 ut
1283 1507 1336 1587 in

285 1639 479 1720 omnibus
508 1638 916 1740 inflammationibus,
945 1664 984 1721 et
1009 1642 1176 1724 fortasse
1201 1667 1336 1749 prout

284 1778 428 1884 major,
457 1780 519 1858 vel
537 1777 675 1894 minor
702 1805 792 1885 pars
812 1780 992 1860 intestini
1020 1779 1145 1860 fuerit
1170 1778 1332 1864 affecta.
1365 1799 1374 1807 ·
1493 1763 1494 1792 ¹

284 1916 415 2022 Igitur
434 1916 529 1996 alios
551 1915 726 1997 secundo
746 1916 823 2014 die,
846 1917 942 1996 alios
962 1943 1047 1996 non
1066 1917 1145 1997 nisi
1164 1917 1334 1998 decimo

282 2074 432 2159 quarto
444 2051 600 2132 occidit.
649 2053 956 2132 Constatictum
969 2051 1335 2154 vehementiorem,

284 2210 356 2269 aut
366 2199 457 2269 acre
472 2215 688 2290 venenum,
704 2189 933 2270 istiusmodi
956 2187 1333 2272 inflammationem

159 2435 162 2441 Α
285 2324 453 2406 excitare
481 2352 607 2430 posse,
636 2353 726 2432 quae
748 2325 810 2406 vel
839 2325 972 2432 primo
998 2325 1333 2432 die,1velpaucis

283 2461 393 2543 horis
414 2459 639 2543 interficiat.

338 2599 479 2680 Motus
495 2597 731 2680 arteriarum
743 2600 953 2706 permagni
965 2599 1127 2680 interest
1139 2599 1191 2679 ad
1205 2598 1332 2681 intel-

173 2815 178 2821 .
280 2735 486 2841 ligendam
504 2757 693 2816 naturam
712 2737 915 2816 malorum
934 2759 1025 2842 quae
1044 2736 1120 2815 ileo
1135 2763 1331 2817 commu-

282 2871 466 2978 niasunt
485 2899 580 2954 cum
599 2872 722 2952 ictero
743 2894 782 2952 et
801 2871 1008 2952 affectibus
1034 2872 1328 2978 spasmodicis3

206 3079 210 3086 .
281 3035 379 3089 narn
398 3007 442 3089 in
470 3007 532 3089 his
552 3007 730 3090 vomitus
750 3031 790 3089 et
808 3009 964 3090 dolores
988 3036 1072 3090 non
1091 3009 1230 3088 minus
1252 3037 1329 3090 sae·
1438 3007 1442 3014 ’
1493 3063 1494 3070 ¹

281 3145 414 3246 viunt,
442 3145 629 3252 quamvis
663 3173 714 3225 ne
744 3145 967 3224 minimum
997 3143 1224 3251 periculum
1246 3143 1343 3224 ha-‘

281 3280 416 3364 beant.
474 3283 523 3362 In
555 3281 632 3363 hoc
666 3311 760 3366 casu
793 3283 932 3388 pulsus
962 3282 1044 3364 fere
1075 3309 1234 3388 semper
1264 3305 1329 3364 est

281 3418 491 3518 naturalis,
533 3419 608 3526 qui
644 3419 690 3498 in
727 3420 804 3500 ileo
846 3419 1027 3500 multum
1066 3419 1326 3501 acceleratur.

280 3555 438 3636 Tamen
466 3555 674 3638 interdum
693 3554 753 3656 fit,
781 3557 914 3644 nescio
941 3585 1024 3664 qua
1042 3555 1092 3635 de
1115 3583 1247 3654 causa,
1278 3557 1326 3637 in

280 3693 356 3776 hac
386 3692 551 3799 perinde
584 3721 629 3774 ac
661 3667 707 3772 in
737 3691 837 3775 aliis
855 3691 1250 3774 inflammationibus
1283 3715 1326 3774 et

279 3830 433 3944 morbis
460 3831 601 3931 acutis,
628 3852 676 3912 ut
704 3832 856 3912 arteriae
890 3832 1059 3914 omnino
1083 3830 1325 3912 naturaliter

224 4055 227 4061 A
278 3967 471 4051 ordinatae
492 3969 586 4067 sint,
615 3990 655 4050 et
683 3969 847 4049 nullum
874 3969 1024 4052 futurae
1043 3968 1185 4048 mortis
1210 3967 1324 4047 indi-

276 4104 389 4186 cium
401 4106 631 4188 ostendant:
661 4105 779 4214 quod
787 4105 959 4213 quidem
969 4103 1174 4188 terinileo
1189 4103 1325 4186 conti·
1383 4111 1385 4114 ’

271 4243 379 4350 gisae
410 4244 578 4333 memin'⁸
