<?xml version="1.0" encoding="UTF-8"?>
<!DOCTYPE html PUBLIC "-//W3C//DTD XHTML 1.0 Transitional//EN"
    "http://www.w3.org/TR/xhtml1/DTD/xhtml1-transitional.dtd">
<html xmlns="http://www.w3.org/1999/xhtml" xml:lang="en" lang="en">
 <head>
  <title>
</title>
<meta http-equiv="Content-Type" content="text/html;charset=utf-8" />
  <meta name='ocr-system' content='tesseract 3.04.00' />
  <meta name='ocr-capabilities' content='ocr_page ocr_carea ocr_par ocr_line ocrx_word'/>
</head>
<body>
  <div class='ocr_page' id='page_1' title='image "./commentariidemo00hebegoog_0104.png"; bbox 0 0 2990 5078; ppageno 0'>
   <div class='ocr_carea' id='block_1_1' title="bbox 645 465 712 576">
    <p class='ocr_par' dir='ltr' id='par_1_1' title="bbox 645 465 712 576">
     <span class='ocr_line' id='line_1_1' title="bbox 645 465 712 576; baseline 0 0"><span class='ocrx_word' id='word_1_1' title='bbox 645 465 712 576; x_wconf 77' lang='lat'>87</span> 
     </span>
    </p>
   </div>
   <div class='ocr_carea' id='block_1_2' title="bbox 154 667 1195 1050">
    <p class='ocr_par' dir='ltr' id='par_1_2' title="bbox 154 667 1195 1050">
     <span class='ocr_line' id='line_1_2' title="bbox 156 667 1195 776; baseline -0.001 -26"><span class='ocrx_word' id='word_1_2' title='bbox 156 669 321 770; x_wconf 85' lang='lat' dir='ltr'>fectum,</span> <span class='ocrx_word' id='word_1_3' title='bbox 340 667 517 750; x_wconf 83' lang='lat' dir='ltr'>viderint</span> <span class='ocrx_word' id='word_1_4' title='bbox 535 669 768 774; x_wconf 84' lang='lat' dir='ltr'>sagaciores,</span> <span class='ocrx_word' id='word_1_5' title='bbox 791 671 856 750; x_wconf 90' lang='lat' dir='ltr'>vel</span> <span class='ocrx_word' id='word_1_6' title='bbox 873 667 1066 750; x_wconf 80' lang='lat' dir='ltr'><strong>feliciores</strong></span> <span class='ocrx_word' id='word_1_7' title='bbox 1087 691 1195 776; x_wconf 62' lang='lat' dir='ltr'>posta</span> 
     </span>
     <span class='ocr_line' id='line_1_3' title="bbox 155 804 1193 912; baseline -0.004 -24"><span class='ocrx_word' id='word_1_8' title='bbox 155 807 229 905; x_wconf 77' lang='lat' dir='ltr'>eri:</span> <span class='ocrx_word' id='word_1_9' title='bbox 248 805 369 886; x_wconf 92' lang='lat' dir='ltr'>nobis</span> <span class='ocrx_word' id='word_1_10' title='bbox 386 804 578 912; x_wconf 90' lang='lat' dir='ltr'>profecto,</span> <span class='ocrx_word' id='word_1_11' title='bbox 592 805 703 910; x_wconf 86' lang='lat' dir='ltr'>haud</span> <span class='ocrx_word' id='word_1_12' title='bbox 718 833 875 910; x_wconf 84' lang='lat' dir='ltr'><strong>semper</strong></span> <span class='ocrx_word' id='word_1_13' title='bbox 889 807 1003 886; x_wconf 91' lang='lat' dir='ltr'>dictu</span> <span class='ocrx_word' id='word_1_14' title='bbox 1017 806 1193 911; x_wconf 89' lang='lat' dir='ltr'>proclive</span> 
     </span>
     <span class='ocr_line' id='line_1_4' title="bbox 154 943 890 1050; baseline -0.003 -25"><span class='ocrx_word' id='word_1_15' title='bbox 154 964 225 1044; x_wconf 85' lang='lat' dir='ltr'>est,</span> <span class='ocrx_word' id='word_1_16' title='bbox 253 971 345 1050; x_wconf 87' lang='lat' dir='ltr'>quae</span> <span class='ocrx_word' id='word_1_17' title='bbox 365 943 417 1024; x_wconf 91' lang='lat' dir='ltr'>sit</span> <span class='ocrx_word' id='word_1_18' title='bbox 436 943 610 1023; x_wconf 80' lang='lat' dir='ltr'>maxime</span> <span class='ocrx_word' id='word_1_19' title='bbox 630 943 890 1048; x_wconf 60' lang='lat' dir='ltr'>probabilis„-</span> 
     </span>
    </p>
   </div>
   <div class='ocr_carea' id='block_1_3' title="bbox 157 1079 1328 1186">
    <p class='ocr_par' dir='ltr' id='par_1_3' title="bbox 157 1079 1328 1186">
     <span class='ocr_line' id='line_1_5' title="bbox 157 1079 1328 1186; baseline -0.001 -26"><span class='ocrx_word' id='word_1_20' title='bbox 157 1109 165 1118; x_wconf 94' lang='lat'><strong>·</strong></span> <span class='ocrx_word' id='word_1_21' title='bbox 204 1081 365 1186; x_wconf 86' lang='lat' dir='ltr'>Angor,</span> <span class='ocrx_word' id='word_1_22' title='bbox 392 1102 432 1161; x_wconf 92' lang='lat' dir='ltr'>et</span> <span class='ocrx_word' id='word_1_23' title='bbox 450 1079 700 1186; x_wconf 85' lang='lat' dir='ltr'>perturbatio</span> <span class='ocrx_word' id='word_1_24' title='bbox 730 1079 871 1179; x_wconf 87' lang='lat' dir='ltr'>animi,</span> <span class='ocrx_word' id='word_1_25' title='bbox 900 1079 1055 1176; x_wconf 89' lang='lat' dir='ltr'>sonitus</span> <span class='ocrx_word' id='word_1_26' title='bbox 1075 1079 1194 1160; x_wconf 88' lang='lat' dir='ltr'>vehe-</span> <span class='ocrx_word' id='word_1_27' title='bbox 1322 1085 1328 1100; x_wconf 85' lang='lat'>&#39;</span> 
     </span>
    </p>
   </div>
   <div class='ocr_carea' id='block_1_4' title="bbox 142 1215 1210 4472">
    <p class='ocr_par' dir='ltr' id='par_1_4' title="bbox 142 1215 1210 4472">
     <span class='ocr_line' id='line_1_6' title="bbox 150 1215 1194 1322; baseline -0.002 -24"><span class='ocrx_word' id='word_1_28' title='bbox 150 1217 342 1318; x_wconf 89' lang='lat' dir='ltr'>mentior,</span> <span class='ocrx_word' id='word_1_29' title='bbox 358 1215 608 1322; x_wconf 85' lang='lat' dir='ltr'>&#39;defatigatio</span> <span class='ocrx_word' id='word_1_30' title='bbox 641 1215 768 1296; x_wconf 87' lang='lat' dir='ltr'>animi</span> <span class='ocrx_word' id='word_1_31' title='bbox 802 1242 872 1298; x_wconf 90' lang='lat' dir='ltr'>aut</span> <span class='ocrx_word' id='word_1_32' title='bbox 905 1217 1095 1322; x_wconf 89' lang='lat' dir='ltr'>corporis,</span> <span class='ocrx_word' id='word_1_33' title='bbox 1124 1219 1194 1296; x_wconf 87' lang='lat' dir='ltr'>lux</span> 
     </span>
     <span class='ocr_line' id='line_1_7' title="bbox 151 1329 1194 1462; baseline -0.004 -24"><span class='ocrx_word' id='word_1_34' title='bbox 151 1355 377 1462; x_wconf 85' lang='lat' dir='ltr'>splendida,</span> <span class='ocrx_word' id='word_1_35' title='bbox 403 1361 470 1438; x_wconf 85' lang='lat' dir='ltr'>a&#39;e‘r</span> <span class='ocrx_word' id='word_1_36' title='bbox 489 1329 695 1436; x_wconf 24' lang='lat' dir='ltr'>conclavis*</span> <span class='ocrx_word' id='word_1_37' title='bbox 708 1355 830 1436; x_wconf 89' lang='lat' dir='ltr'>turba</span> <span class='ocrx_word' id='word_1_38' title='bbox 854 1353 1075 1436; x_wconf 84' lang='lat' dir='ltr'>hominum</span> <span class='ocrx_word' id='word_1_39' title='bbox 1094 1355 1194 1435; x_wconf 88' lang='lat' dir='ltr'>cale·</span> 
     </span>
     <span class='ocr_line' id='line_1_8' title="bbox 148 1491 1199 1600; baseline -0.004 -26"><span class='ocrx_word' id='word_1_40' title='bbox 148 1491 282 1574; x_wconf 79' lang='lat' dir='ltr'>factus</span> <span class='ocrx_word' id='word_1_41' title='bbox 301 1516 342 1574; x_wconf 90' lang='lat' dir='ltr'>et</span> <span class='ocrx_word' id='word_1_42' title='bbox 359 1491 613 1600; x_wconf 87' lang='lat' dir='ltr'>inquinatus,</span> <span class='ocrx_word' id='word_1_43' title='bbox 631 1493 819 1592; x_wconf 89' lang='lat' dir='ltr'>cruditas,</span> <span class='ocrx_word' id='word_1_44' title='bbox 839 1493 972 1592; x_wconf 88' lang='lat' dir='ltr'>tussis,</span> <span class='ocrx_word' id='word_1_45' title='bbox 991 1492 1073 1575; x_wconf 89' lang='lat' dir='ltr'>fere</span> <span class='ocrx_word' id='word_1_46' title='bbox 1089 1519 1199 1594; x_wconf 59' lang='lat' dir='ltr'>sern-x</span> 
     </span>
     <span class='ocr_line' id='line_1_9' title="bbox 149 1629 1193 1747; baseline -0.002 -37"><span class='ocrx_word' id='word_1_47' title='bbox 149 1657 220 1736; x_wconf 84' lang='lat' dir='ltr'>per</span> <span class='ocrx_word' id='word_1_48' title='bbox 230 1630 457 1712; x_wconf 91' lang='lat' dir='ltr'>intendunt</span> <span class='ocrx_word' id='word_1_49' title='bbox 467 1629 606 1747; x_wconf 83' lang='lat' dir='ltr'>capitis</span> <span class='ocrx_word' id='word_1_50' title='bbox 619 1629 785 1710; x_wconf 92' lang='lat' dir='ltr'>dolores.</span> <span class='ocrx_word' id='word_1_51' title='bbox 818 1629 932 1710; x_wconf 84' lang='lat' dir='ltr'>Cutis</span> <span class='ocrx_word' id='word_1_52' title='bbox 942 1629 1052 1730; x_wconf 90' lang='lat' dir='ltr'>vitia,</span> <span class='ocrx_word' id='word_1_53' title='bbox 1064 1631 1193 1728; x_wconf 85' lang='lat' dir='ltr'>cibus,</span> 
     </span>
     <span class='ocr_line' id='line_1_10' title="bbox 151 1764 1194 1872; baseline -0.003 -26"><span class='ocrx_word' id='word_1_54' title='bbox 151 1794 338 1866; x_wconf 83' lang='lat' dir='ltr'>somnus,</span> <span class='ocrx_word' id='word_1_55' title='bbox 365 1767 472 1848; x_wconf 88' lang='lat' dir='ltr'>calor</span> <span class='ocrx_word' id='word_1_56' title='bbox 486 1764 581 1866; x_wconf 90' lang='lat' dir='ltr'>foci,</span> <span class='ocrx_word' id='word_1_57' title='bbox 609 1788 734 1864; x_wconf 76' lang='lat' dir='ltr'>astas,</span> <span class='ocrx_word' id='word_1_58' title='bbox 761 1765 904 1862; x_wconf 89' lang='lat' dir='ltr'>hiems,</span> <span class='ocrx_word' id='word_1_59' title='bbox 925 1765 1035 1871; x_wconf 88' lang='lat' dir='ltr'>regio</span> <span class='ocrx_word' id='word_1_60' title='bbox 1048 1765 1194 1872; x_wconf 89' lang='lat' dir='ltr'>tepida,</span> 
     </span>
     <span class='ocr_line' id='line_1_11' title="bbox 149 1901 1195 2010; baseline -0.009 -26"><span class='ocrx_word' id='word_1_61' title='bbox 149 1901 346 2010; x_wconf 85' lang='lat' dir='ltr'>podagra,</span> <span class='ocrx_word' id='word_1_62' title='bbox 364 1925 404 1984; x_wconf 88' lang='lat' dir='ltr'>et</span> <span class='ocrx_word' id='word_1_63' title='bbox 418 1903 496 1984; x_wconf 91' lang='lat' dir='ltr'>sub</span> <span class='ocrx_word' id='word_1_64' title='bbox 511 1903 580 1984; x_wconf 90' lang='lat' dir='ltr'>dio</span> <span class='ocrx_word' id='word_1_65' title='bbox 595 1903 757 2002; x_wconf 90' lang='lat' dir='ltr'>versari,</span> <span class='ocrx_word' id='word_1_66' title='bbox 776 1903 820 1984; x_wconf 91' lang='lat' dir='ltr'>in</span> <span class='ocrx_word' id='word_1_67' title='bbox 834 1901 1000 1983; x_wconf 82' lang='lat' dir='ltr'>diversis</span> <span class='ocrx_word' id='word_1_68' title='bbox 1016 1901 1195 1984; x_wconf 59' lang='lat' dir='ltr'>homini,</span> 
     </span>
     <span class='ocr_line' id='line_1_12' title="bbox 149 2023 1194 2137; baseline -0.006 -15"><span class='ocrx_word' id='word_1_69' title='bbox 149 2039 226 2122; x_wconf 90' lang='lat' dir='ltr'>bus</span> <span class='ocrx_word' id='word_1_70' title='bbox 247 2039 425 2120; x_wconf 87' lang='lat' dir='ltr'>diversos</span> <span class='ocrx_word' id='word_1_71' title='bbox 438 2037 752 2121; x_wconf 87' lang='lat' dir='ltr'>effectusedunt.</span> <span class='ocrx_word' id='word_1_72' title='bbox 793 2023 950 2120; x_wconf 82' lang='lat' dir='ltr'><strong>Tamen</strong></span> <span class='ocrx_word' id='word_1_73' title='bbox 966 2039 1064 2118; x_wconf 88' lang='lat' dir='ltr'>vitia</span> <span class='ocrx_word' id='word_1_74' title='bbox 1076 2039 1194 2137; x_wconf 89' lang='lat' dir='ltr'>cutis,</span> 
     </span>
     <span class='ocr_line' id='line_1_13' title="bbox 142 2175 1195 2282; baseline -0.001 -25"><span class='ocrx_word' id='word_1_75' title='bbox 142 2193 337 2276; x_wconf 86' lang='lat' dir='ltr'>somnus,</span> <span class='ocrx_word' id='word_1_76' title='bbox 365 2175 542 2282; x_wconf 91' lang='lat' dir='ltr'>corporis</span> <span class='ocrx_word' id='word_1_77' title='bbox 562 2197 688 2282; x_wconf 90' lang='lat' dir='ltr'>tepor,</span> <span class='ocrx_word' id='word_1_78' title='bbox 709 2197 833 2276; x_wconf 87' lang='lat' dir='ltr'>aestas,</span> <span class='ocrx_word' id='word_1_79' title='bbox 861 2175 970 2282; x_wconf 89' lang='lat' dir='ltr'>regio</span> <span class='ocrx_word' id='word_1_80' title='bbox 991 2175 1137 2280; x_wconf 87' lang='lat' dir='ltr'>tepida,</span> <span class='ocrx_word' id='word_1_81' title='bbox 1156 2197 1195 2262; x_wconf 88' lang='lat' dir='ltr'>et</span> 
     </span>
     <span class='ocr_line' id='line_1_14' title="bbox 150 2297 1193 2420; baseline -0.002 -26"><span class='ocrx_word' id='word_1_82' title='bbox 150 2313 228 2394; x_wconf 92' lang='lat' dir='ltr'>sub</span> <span class='ocrx_word' id='word_1_83' title='bbox 258 2312 331 2394; x_wconf 91' lang='lat' dir='ltr'>dio</span> <span class='ocrx_word' id='word_1_84' title='bbox 350 2340 479 2419; x_wconf 90' lang='lat' dir='ltr'>agere,</span> <span class='ocrx_word' id='word_1_85' title='bbox 506 2297 728 2392; x_wconf 75' lang='lat' dir='ltr'>maximam</span> <span class='ocrx_word' id='word_1_86' title='bbox 751 2333 906 2420; x_wconf 85' lang='lat' dir='ltr'>partem</span> <span class='ocrx_word' id='word_1_87' title='bbox 933 2311 1082 2392; x_wconf 86' lang='lat' dir='ltr'>auxilio</span> <span class='ocrx_word' id='word_1_88' title='bbox 1105 2311 1193 2392; x_wconf 84' lang='lat' dir='ltr'>fue-</span> 
     </span>
     <span class='ocr_line' id='line_1_15' title="bbox 150 2441 1191 2554; baseline -0.002 -24"><span class='ocrx_word' id='word_1_89' title='bbox 150 2470 260 2530; x_wconf 90' lang='lat' dir='ltr'>runt.</span> <span class='ocrx_word' id='word_1_90' title='bbox 320 2451 377 2529; x_wconf 89' lang='lat' dir='ltr'>At</span> <span class='ocrx_word' id='word_1_91' title='bbox 407 2449 552 2530; x_wconf 88' lang='lat' dir='ltr'>lavatio</span> <span class='ocrx_word' id='word_1_92' title='bbox 578 2447 741 2553; x_wconf 84' lang='lat' dir='ltr'>frigida,</span> <span class='ocrx_word' id='word_1_93' title='bbox 770 2447 977 2554; x_wconf 84' lang='lat' dir='ltr'>sanguinis</span> <span class='ocrx_word' id='word_1_94' title='bbox 998 2441 1191 2528; x_wconf 86' lang='lat' dir='ltr'>detractio</span> 
     </span>
     <span class='ocr_line' id='line_1_16' title="bbox 151 2583 1192 2693; baseline -0.002 -25"><span class='ocrx_word' id='word_1_95' title='bbox 151 2613 220 2693; x_wconf 85' lang='lat' dir='ltr'>per</span> <span class='ocrx_word' id='word_1_96' title='bbox 237 2585 466 2684; x_wconf 86' lang='lat' dir='ltr'>hirudines,</span> <span class='ocrx_word' id='word_1_97' title='bbox 491 2585 554 2664; x_wconf 86' lang='lat' dir='ltr'>vel</span> <span class='ocrx_word' id='word_1_98' title='bbox 580 2583 704 2666; x_wconf 88' lang='lat' dir='ltr'>incisa</span> <span class='ocrx_word' id='word_1_99' title='bbox 723 2611 838 2683; x_wconf 90' lang='lat' dir='ltr'>vena,</span> <span class='ocrx_word' id='word_1_100' title='bbox 866 2583 968 2665; x_wconf 88' lang='lat' dir='ltr'>cutis</span> <span class='ocrx_word' id='word_1_101' title='bbox 993 2586 1192 2666; x_wconf 88' lang='lat' dir='ltr'>exulcera-</span> 
     </span>
     <span class='ocr_line' id='line_1_17' title="bbox 151 2721 1196 2826; baseline -0.001 -22"><span class='ocrx_word' id='word_1_102' title='bbox 151 2723 283 2804; x_wconf 87' lang='lat' dir='ltr'>tiones</span> <span class='ocrx_word' id='word_1_103' title='bbox 309 2723 383 2804; x_wconf 90' lang='lat' dir='ltr'>diu</span> <span class='ocrx_word' id='word_1_104' title='bbox 409 2745 585 2822; x_wconf 80' lang='lat' dir='ltr'>servatae,</span> <span class='ocrx_word' id='word_1_105' title='bbox 612 2721 814 2822; x_wconf 89' lang='lat' dir='ltr'>fonticuli,</span> <span class='ocrx_word' id='word_1_106' title='bbox 842 2743 880 2800; x_wconf 90' lang='lat' dir='ltr'>et</span> <span class='ocrx_word' id='word_1_107' title='bbox 901 2747 991 2826; x_wconf 86' lang='lat' dir='ltr'>quae</span> <span class='ocrx_word' id='word_1_108' title='bbox 1024 2745 1196 2803; x_wconf 88' lang='lat' dir='ltr'>movent</span> 
     </span>
     <span class='ocr_line' id='line_1_18' title="bbox 150 2857 1193 2963; baseline -0.004 -21"><span class='ocrx_word' id='word_1_109' title='bbox 150 2881 485 2960; x_wconf 84' lang='lat' dir='ltr'>sternutamenta,</span> <span class='ocrx_word' id='word_1_110' title='bbox 513 2860 546 2940; x_wconf 87' lang='lat' dir='ltr'>ai</span> <span class='ocrx_word' id='word_1_111' title='bbox 565 2857 669 2939; x_wconf 89' lang='lat' dir='ltr'>nihil</span> <span class='ocrx_word' id='word_1_112' title='bbox 695 2879 936 2956; x_wconf 82' lang='lat' dir='ltr'>nocuerunt,</span> <span class='ocrx_word' id='word_1_113' title='bbox 956 2859 1070 2963; x_wconf 89' lang='lat' dir='ltr'>quod</span> <span class='ocrx_word' id='word_1_114' title='bbox 1089 2887 1193 2942; x_wconf 88' lang='lat' dir='ltr'>non-</span> 
     </span>
     <span class='ocr_line' id='line_1_19' title="bbox 150 2997 1194 3106; baseline -0.002 -26"><span class='ocrx_word' id='word_1_115' title='bbox 150 2997 461 3106; x_wconf 85' lang='lat' dir='ltr'>nulli-suspicati</span> <span class='ocrx_word' id='word_1_116' title='bbox 477 3020 586 3098; x_wconf 88' lang='lat' dir='ltr'>sunt,</span> <span class='ocrx_word' id='word_1_117' title='bbox 600 3018 641 3078; x_wconf 89' lang='lat' dir='ltr'>at</span> <span class='ocrx_word' id='word_1_118' title='bbox 652 3019 756 3078; x_wconf 89' lang='lat' dir='ltr'>certe</span> <span class='ocrx_word' id='word_1_119' title='bbox 771 2997 991 3102; x_wconf 69' lang='lat' dir='ltr'>saepissime</span> <span class='ocrx_word' id='word_1_120' title='bbox 1004 3023 1088 3076; x_wconf 90' lang='lat' dir='ltr'>non</span> <span class='ocrx_word' id='word_1_121' title='bbox 1101 3027 1194 3103; x_wconf 88' lang='lat' dir='ltr'>pro-</span> 
     </span>
     <span class='ocr_line' id='line_1_20' title="bbox 150 3133 1194 3218; baseline -0.003 0"><span class='ocrx_word' id='word_1_122' title='bbox 150 3136 347 3218; x_wconf 85' lang='lat' dir='ltr'>fuerunt:</span> <span class='ocrx_word' id='word_1_123' title='bbox 377 3135 422 3216; x_wconf 88' lang='lat' dir='ltr'>in</span> <span class='ocrx_word' id='word_1_124' title='bbox 450 3135 595 3216; x_wconf 89' lang='lat' dir='ltr'>eodem</span> <span class='ocrx_word' id='word_1_125' title='bbox 625 3159 747 3214; x_wconf 92' lang='lat' dir='ltr'>censu</span> <span class='ocrx_word' id='word_1_126' title='bbox 774 3154 870 3214; x_wconf 89' lang='lat' dir='ltr'>sunt</span> <span class='ocrx_word' id='word_1_127' title='bbox 900 3133 1194 3216; x_wconf 88' lang='lat' dir='ltr'>medicamenta</span> 
     </span>
     <span class='ocr_line' id='line_1_21' title="bbox 151 3271 1191 3380; baseline -0.005 -24"><span class='ocrx_word' id='word_1_128' title='bbox 151 3299 378 3355; x_wconf 85' lang='lat' dir='ltr'>nervorum</span> <span class='ocrx_word' id='word_1_129' title='bbox 424 3271 599 3380; x_wconf 87' lang='lat' dir='ltr'>propria,</span> <span class='ocrx_word' id='word_1_130' title='bbox 636 3291 676 3352; x_wconf 92' lang='lat' dir='ltr'>et</span> <span class='ocrx_word' id='word_1_131' title='bbox 712 3271 919 3367; x_wconf 90' lang='lat' dir='ltr'>balneum,</span> <span class='ocrx_word' id='word_1_132' title='bbox 960 3292 1000 3350; x_wconf 89' lang='lat' dir='ltr'>et</span> <span class='ocrx_word' id='word_1_133' title='bbox 1037 3271 1191 3376; x_wconf 87' lang='lat' dir='ltr'>opium.</span> 
     </span>
     <span class='ocr_line' id='line_1_22' title="bbox 153 3379 1210 3522; baseline -0.003 -31"><span class='ocrx_word' id='word_1_134' title='bbox 153 3411 412 3522; x_wconf 82' lang='lat' dir='ltr'>Quanquam</span> <span class='ocrx_word' id='word_1_135' title='bbox 424 3431 562 3489; x_wconf 87' lang='lat' dir='ltr'>autem</span> <span class='ocrx_word' id='word_1_136' title='bbox 574 3407 724 3505; x_wconf 86' lang='lat' dir='ltr'>omnia,</span> <span class='ocrx_word' id='word_1_137' title='bbox 740 3433 830 3514; x_wconf 89' lang='lat' dir='ltr'>quae</span> <span class='ocrx_word' id='word_1_138' title='bbox 844 3379 969 3512; x_wconf 83' lang='lat' dir='ltr'>vulgo</span> <span class='ocrx_word' id='word_1_139' title='bbox 977 3405 1210 3512; x_wconf 79' lang='lat' dir='ltr'>jactantur,</span> 
     </span>
     <span class='ocr_line' id='line_1_23' title="bbox 151 3543 1196 3654; baseline 0 -26"><span class='ocrx_word' id='word_1_140' title='bbox 151 3545 278 3654; x_wconf 89' lang='lat' dir='ltr'>hujus</span> <span class='ocrx_word' id='word_1_141' title='bbox 302 3545 543 3628; x_wconf 86' lang='lat' dir='ltr'>valetudinis</span> <span class='ocrx_word' id='word_1_142' title='bbox 573 3543 762 3644; x_wconf 88' lang='lat' dir='ltr'>remedia,</span> <span class='ocrx_word' id='word_1_143' title='bbox 789 3543 998 3624; x_wconf 89' lang='lat' dir='ltr'>interdum</span> <span class='ocrx_word' id='word_1_144' title='bbox 1027 3543 1196 3628; x_wconf 74' lang='lat' dir='ltr'>suerum</span> 
     </span>
     <span class='ocr_line' id='line_1_24' title="bbox 152 3677 1196 3791; baseline -0.002 -25"><span class='ocrx_word' id='word_1_145' title='bbox 152 3677 416 3791; x_wconf 73' lang='lat' dir='ltr'>supervacua,</span> <span class='ocrx_word' id='word_1_146' title='bbox 444 3705 484 3764; x_wconf 90' lang='lat' dir='ltr'>at</span> <span class='ocrx_word' id='word_1_147' title='bbox 504 3709 616 3789; x_wconf 88' lang='lat' dir='ltr'>spem</span> <span class='ocrx_word' id='word_1_148' title='bbox 645 3707 778 3760; x_wconf 89' lang='lat' dir='ltr'>meam</span> <span class='ocrx_word' id='word_1_149' title='bbox 807 3679 936 3761; x_wconf 87' lang='lat' dir='ltr'>rarius</span> <span class='ocrx_word' id='word_1_150' title='bbox 965 3677 1196 3764; x_wconf 86' lang='lat' dir='ltr'>fefellerunt</span> 
     </span>
     <span class='ocr_line' id='line_1_25' title="bbox 151 3816 1197 3928; baseline -0.002 -28"><span class='ocrx_word' id='word_1_151' title='bbox 151 3821 420 3927; x_wconf 87' lang='lat' dir='ltr'>emplastrum</span> <span class='ocrx_word' id='word_1_152' title='bbox 436 3819 549 3928; x_wconf 92' lang='lat' dir='ltr'>quod</span> <span class='ocrx_word' id='word_1_153' title='bbox 569 3817 699 3900; x_wconf 91' lang='lat' dir='ltr'>erodit</span> <span class='ocrx_word' id='word_1_154' title='bbox 718 3816 838 3922; x_wconf 88' lang='lat' dir='ltr'>capiti</span> <span class='ocrx_word' id='word_1_155' title='bbox 859 3817 1086 3916; x_wconf 88' lang='lat' dir='ltr'>admotum,</span> <span class='ocrx_word' id='word_1_156' title='bbox 1105 3847 1197 3898; x_wconf 92' lang='lat' dir='ltr'>san-</span> 
     </span>
     <span class='ocr_line' id='line_1_26' title="bbox 152 3952 1197 4063; baseline -0.005 -25"><span class='ocrx_word' id='word_1_157' title='bbox 152 3955 291 4063; x_wconf 87' lang='lat' dir='ltr'>guinis</span> <span class='ocrx_word' id='word_1_158' title='bbox 307 3983 375 4036; x_wconf 88' lang='lat' dir='ltr'>sex</span> <span class='ocrx_word' id='word_1_159' title='bbox 386 3955 515 4036; x_wconf 86' lang='lat' dir='ltr'>unciae</span> <span class='ocrx_word' id='word_1_160' title='bbox 531 3981 600 4061; x_wconf 90' lang='lat' dir='ltr'>per</span> <span class='ocrx_word' id='word_1_161' title='bbox 613 3952 887 4034; x_wconf 87' lang='lat' dir='ltr'>cucurbitulas</span> <span class='ocrx_word' id='word_1_162' title='bbox 901 3953 1068 4056; x_wconf 89' lang='lat' dir='ltr'>singulis</span> <span class='ocrx_word' id='word_1_163' title='bbox 1083 3981 1197 4042; x_wconf 81' lang='lat' dir='ltr'>men-</span> 
     </span>
     <span class='ocr_line' id='line_1_27' title="bbox 154 4089 1197 4200; baseline -0.012 -30"><span class='ocrx_word' id='word_1_164' title='bbox 154 4091 269 4174; x_wconf 89' lang='lat' dir='ltr'>sibus</span> <span class='ocrx_word' id='word_1_165' title='bbox 289 4094 474 4176; x_wconf 79' lang='lat' dir='ltr'>detracta</span> <span class='ocrx_word' id='word_1_166' title='bbox 494 4119 619 4200; x_wconf 91' lang='lat' dir='ltr'>prope</span> <span class='ocrx_word' id='word_1_167' title='bbox 638 4089 813 4196; x_wconf 88' lang='lat' dir='ltr'>occiput,</span> <span class='ocrx_word' id='word_1_168' title='bbox 832 4111 870 4170; x_wconf 92' lang='lat' dir='ltr'>et</span> <span class='ocrx_word' id='word_1_169' title='bbox 890 4090 1022 4194; x_wconf 84' lang='lat' dir='ltr'>pilulae</span> <span class='ocrx_word' id='word_1_170' title='bbox 1042 4089 1197 4180; x_wconf 84' lang='lat' dir='ltr'>donni.</span> 
     </span>
     <span class='ocr_line' id='line_1_28' title="bbox 154 4227 1197 4340; baseline -0.004 -30"><span class='ocrx_word' id='word_1_171' title='bbox 154 4247 249 4311; x_wconf 87' lang='lat' dir='ltr'>turo</span> <span class='ocrx_word' id='word_1_172' title='bbox 276 4227 392 4340; x_wconf 84' lang='lat' dir='ltr'>datae,</span> <span class='ocrx_word' id='word_1_173' title='bbox 422 4257 513 4336; x_wconf 84' lang='lat' dir='ltr'>quae</span> <span class='ocrx_word' id='word_1_174' title='bbox 537 4228 688 4308; x_wconf 88' lang='lat' dir='ltr'>habent</span> <span class='ocrx_word' id='word_1_175' title='bbox 715 4227 818 4308; x_wconf 86' lang='lat' dir='ltr'>alo&#39;e&#39;s</span> <span class='ocrx_word' id='word_1_176' title='bbox 845 4251 1021 4332; x_wconf 87' lang='lat' dir='ltr'>granum</span> <span class='ocrx_word' id='word_1_177' title='bbox 1049 4251 1197 4326; x_wconf 91' lang='lat' dir='ltr'>unum,</span> 
     </span>
     <span class='ocr_line' id='line_1_29' title="bbox 157 4361 1197 4472; baseline -0.004 -27"><span class='ocrx_word' id='word_1_178' title='bbox 157 4363 303 4450; x_wconf 88' lang='lat' dir='ltr'>radicis</span> <span class='ocrx_word' id='word_1_179' title='bbox 318 4365 513 4450; x_wconf 80' lang='lat' dir='ltr'>colomba</span> <span class='ocrx_word' id='word_1_180' title='bbox 526 4391 651 4472; x_wconf 90' lang='lat' dir='ltr'>grana</span> <span class='ocrx_word' id='word_1_181' title='bbox 666 4384 853 4471; x_wconf 83' lang='lat' dir='ltr'>quatuor.</span> <span class='ocrx_word' id='word_1_182' title='bbox 887 4361 1080 4442; x_wconf 79' lang='lat' dir='ltr'>Vomitus</span> <span class='ocrx_word' id='word_1_183' title='bbox 1093 4389 1197 4470; x_wconf 59' lang='lat' dir='ltr'>quo,</span> 
     </span>
    </p>
   </div>
   <div class='ocr_carea' id='block_1_5' title="bbox 0 0 1504 5078">
    <p class='ocr_par' dir='ltr' id='par_1_5' title="bbox 0 0 1504 5078">
     <span class='ocr_line' id='line_1_30' title="bbox 0 0 1504 5078; baseline 0 0"><span class='ocrx_word' id='word_1_184' title='bbox 0 0 1504 5078; x_wconf 95' lang='lat' dir='ltr'> </span> 
     </span>
    </p>
   </div>
  </div>
 </body>
</html>
