3016 5076
150 773 273 837 erunt
283 744 446 861 juacnla
463 745 664 851 tenuiora,
691 769 731 831 et
745 745 928 858 gelatinae
947 773 995 832 ex
1014 755 1146 855 carne,
1163 775 1205 838 et

151 889 353 1000 quicquid
371 889 417 970 in
433 887 564 971 hortis
582 907 624 970 et
636 887 682 968 in
695 887 802 995 agria
815 889 977 992 colitur,
1004 889 1039 971 ei
1057 891 1205 1000 excipi·

148 1057 267 1110 amus
288 1057 335 1112 aa
361 1055 454 1138 quae
481 1047 580 1110 aunt
598 1025 706 1110 acria
725 1049 798 1108 aut
822 1029 1050 1110 aromatica.
1109 1029 1207 1132 Lac,
1302 1046 1305 1054 ’

146 1189 188 1248 et
207 1193 298 1268 ova,
325 1165 461 1248 nescio
478 1189 565 1272 qua
582 1161 634 1245 de
649 1189 782 1264 cauea,
809 1165 1059 1246 anennullia
1078 1165 1203 1250 inter-

146 1301 347 1384 dicuntur
360 1301 406 1382 in
420 1299 537 1382 omni
546 1300 687 1402 febre3
716 1324 963 1408 qnaemmen
977 1303 1041 1385 vel
1055 1301 1101 1384 in
1115 1331 1204 1412 pet·

146 1443 266 1542 tima,
286 1461 332 1522 ut
347 1439 452 1520 mihi
467 1437 643 1540 videtur,
670 1459 762 1520 turo
773 1461 1055 1542 assumuntur,
1073 1441 1200 1524 modo

146 1553 264 1686 agria
284 1577 381 1686 ipris
400 1573 555 1658 fuerint
568 1575 764 1684 jucunda.
815 1575 818 1584 ’

201 1715 299 1798 Sitit
317 1715 472 1799 febrilis
492 1715 646 1822 optime
660 1712 929 1820 restinguitur
946 1743 1054 1824 aqna
1072 1741 1200 1826 pura3

143 1881 282 1964 neque
301 1853 450 1938 referre
468 1877 585 1962 puto,
611 1849 761 1962 tepida,
787 1878 842 1935 an
856 1853 1007 1962 frigida
1019 1855 1198 1936 bibatur.

143 1977 334 2074 Tantum
350 1991 476 2074 etiam
493 1991 690 2072 utriusvis
717 1989 806 2076 dari
830 1991 964 2090 debet,
993 2013 1202 2100 quantum

145 2129 225 2238 ipei
245 2155 359 2238 aegro
387 2129 520 2212 libeat.
578 2109 833 2238 Nentiquam
864 2155 960 2212 vero
989 2151 1109 2210 autor
1140 2135 1201 2210 ea'-

147 2291 234 2350 tem
251 2259 303 2350 nt
320 2269 412 2376 plue
439 2266 612 2374 liquoris
641 2267 863 2374 ingeratur,
891 2265 1019 2375 quam
1039 2289 1112 2348 aut
1129 2293 1201 2348 cn-

146 2405 245 2512 piat,
265 2424 346 2488 ant
358 2404 610 2488 ventriculus
622 2401 739 2485 facile
752 2401 867 2486 ferat.
923 2403 997 2484 Sin
1016 2428 1122 2512 aqua
1136 2403 1200 2486 ni-

146 2541 225 2624 mia
239 2539 356 2624 fatua
370 2541 571 2642 videatur,
598 2540 736 2623 licebit
750 2539 795 2622 in
813 2567 859 2622 ea
873 2539 1090 2622 dissolvere
1102 2567 1199 2622 con·

6 2763 9 2778 ,
146 2705 307 2760 ternam
328 2667 589 2780 ribeeiorum,
623 2699 663 2759 et
684 2675 818 2760 varioa
848 2703 1034 2787 tympus,
1067 2678 1131 2760 vd
1153 2675 1198 2760 in

142 2843 234 2899 eam
248 2817 472 2899 immittere
486 2843 610 2924 poma
623 2843 710 2898 aera
722 2811 788 2896 vel
801 2813 928 2896 cruda
938 2815 1110 2917 concisa,
1134 2815 1199 2898 vel

81 2963 90 2984 ⁸
140 2954 409 3057 tamarindoa,
429 2954 611 3055 salviam,
628 2954 847 3055 melissam,
862 2976 937 3036 aut
953 2981 1101 3062 panem
1117 2933 1204 3036 ros·¹

141 3113 247 3174 tum.
309 3091 465 3176 Ebdem
483 3093 590 3173 valet
608 3119 716 3200 aqua
728 3093 873 3198 inqua
891 3089 1031 3174 aeman
1046 3089 1197 3174 farine

143 3257 265 3312 ceum
282 3229 499 3312 decoctum
516 3249 590 3330 eat,
616 3231 682 3312 vel
697 3253 795 3312 cum
810 3255 894 3338 qua
907 3229 1080 3312 contrita
1099 3253 1197 3314 aunt

142 3367 301 3450 nemina
322 3369 468 3467 oleoea,
495 3365 596 3448 item
620 3367 680 3448 lac
708 3393 815 3476 aqua
840 3367 1029 3450 mixtum.
1089 3369 1196 3483 Quae

144 3505 298 3606 omnia,
322 3527 365 3586 et
379 3503 591 3612 aliahujua
606 3507 763 3610 generis
778 3505 922 3606 multa,
949 3505 1018 3588 vix
1031 3527 1195 3589 mutant

142 3671 309 3753 aquam,
348 3643 430 3726 niel
460 3643 577 3751 quod
609 3669 794 3750 saporem
820 3642 879 3724 illi
902 3643 1195 3750 jucundiorem

143 3765 371 3864 concilient.

107 3990 113 4001 .
195 3919 454 4002 Inomnibue
469 3919 640 4020 morbis,
665 3943 704 4000 et
719 3939 936 4026 pertotum
946 3945 1194 4029 eorumepa-
1235 3935 1239 3949 ’

137 4053 262 4157 tium,
280 4055 358 4162 ipsi
370 4083 478 4163 aegro
489 4057 813 4162 permittendum
825 4077 900 4156 eat,
918 4053 1043 4138 modo
1058 4080 1192 4166 neque

141 4191 295 4294 deliret,
322 4221 457 4302 neque
486 4193 674 4296 insaniat,
702 4193 908 4275 tenebime
933 4221 975 4276 te
1004 4193 1191 4296 inlecto,
1226 4193 1231 4204 '

142 4355 193 4408 an
206 4329 260 4412 ab
280 4358 328 4412 eo
346 4331 577 4414 abstinebit.
635 4333 684 4414 In
703 4331 778 4414 hac
798 4330 963 4414 reviret
984 4353 1024 4414 et
1043 4331 1189 4412 volun-

142 4484 200 4546 tat
219 4467 360 4574 aegroti
378 4469 498 4552 unice
517 4491 615 4552 eunt
634 4467 916 4580 respicienda:
945 4475 985 4552 et
1003 4467 1096 4580 quia
1115 4465 1187 4550 illo

311 4623 317 4632 ’
627 4629 651 4690 Β
675 4633 698 4690 2
