3016 5076
779 511 855 639 ,ro

297 727 376 808 tius
386 744 626 840 perseverat,
641 749 769 831 quam
785 723 861 830 qui
871 719 1076 820 inflationi
1086 755 1097 824 ς
1115 743 1156 804 et
1166 721 1344 806 medita·

296 883 439 944 ments
456 843 728 968 purgantibus
741 860 862 942 citius
877 860 997 962 sedit,
1016 889 1143 970 quam
1156 861 1231 970 qui
1245 861 1344 944 scir-

217 1019 220 1030 '
296 1000 381 1081 this
396 987 525 1080 tribui
538 998 675 1106 possit.
733 1002 949 1092 Menstrua
962 1000 1007 1080 in
1022 1000 1167 1084 vetulis
1179 999 1344 1108 penitus

295 1135 426 1238 finita,-
447 1133 508 1218 vel
526 1134 572 1216 in
583 1134 820 1243 junioribus
839 1136 994 1218 diutius
1015 1163 1238 1244 suppressa,
1256 1161 1344 1218 non

297 1273 652 1381 raroexcipiuntur
666 1295 828 1356 tumore
842 1274 993 1356 ventris
1009 1302 1167 1356 menses
1183 1275 1343 1382 aliquot

295 1437 496 1494 manente.
554 1414 648 1494 Post
666 1439 832 1518 gravem
851 1412 990 1520 capitis
1005 1412 1189 1496 dolorem
1201 1433 1343 1493 venter

295 1550 451 1632 tumuit
461 1537 570 1631 bora
585 1547 780 1658 spatium,
799 1549 899 1632 item
911 1552 1137 1658 complures
1149 1549 1234 1632 dies
1250 1569 1343 1658 post

295 1687 503 1789 abortum,
521 1709 643 1795 atque
662 1710 755 1795 post
772 1687 1045 1796 puerperium.

352 1825 555 1907 Credibile
573 1847 633 1906 est
660 1824 732 1910 has
751 1825 904 1907 ventris
922 1825 1167 1908 intentiones
1191 1821 1343 1906 similes

295 1989 379 2045 esse
397 1985 540 2045 earum
559 1990 661 2071 quas
680 1963 811 2045 multa
825 1991 980 2044 venena
997 1963 1223 2071 incorpore
1237 1959 1345 2044 exci-
1397 2060 1401 2068 „
1469 1993 1475 2008 ·

294 2121 398 2202 tant,
412 2100 669 2208 perturbatis,
679 2100 743 2182 uti
753 2100 939 2209 conjicio,
952 2127 1174 2182 nervorum
1186 2097 1343 2182 officiis.

297 2239 522 2349 Utcunque
533 2237 611 2320 hoc
625 2237 763 2339 fuerit,
776 2239 821 2320 in
836 2237 1087 2348 quibusdam
1101 2233 1344 2346 hujusmodi

296 2397 437 2458 tumor
455 2375 681 2460 triennium
698 2375 943 2484 perduravit.
1279 2389 1285 2398 '

284 2605 289 2619 ,
350 2513 571 2598 Abdomen
589 2515 635 2596 in
653 2515 834 2624 quadam
848 2515 1064 2622 turgidum
1076 2514 1199 2608 semel
1218 2535 1343 2622 atque

293 2649 446 2734 iterum
459 2651 634 2734 subsidit
647 2651 714 2734 die
725 2651 903 2735 secundo
918 2653 982 2735 vel
997 2651 1115 2734 tertio
1127 2652 1179 2733 ab
1194 2648 1341 2734 exactis

296 2787 528 2890 menstruis,
546 2789 731 2895 protinus
750 2811 799 2872 ut
817 2817 933 2898 aquae
952 2789 1057 2872 libra
1074 2816 1122 2869 ex
1150 2809 1269 2870 utero
1283 2781 1341 2867 ef-

295 2922 487 3012 fluxisset.
546 2926 596 3006 In
612 2927 702 3028 alia,
726 2921 842 3035 cujus
868 2926 1072 3008 abdomen
1090 2927 1198 3009 ultra
1225 2923 1342 3006 bien·

295 3061 416 3146 nium
434 3083 655 3164 tumuerat,
682 3073 823 3146 tumor
851 3091 954 3172 sape
982 3063 1216 3171 repentinus
1247 3086 1341 3144 exo-

294 3195 476 3282 rieba‘tur
490 3200 613 3282 etiam
626 3199 671 3281 in
685 3200 777 3305 aliis,
787 3200 964 3309 corporis
979 3199 1178 3308 partibus,
1195 3221 1341 3304 nempe

268 3445 270 3450 Ι
295 3333 537 3438 femoribus,
554 3337 689 3440 dorso,
707 3360 879 3446 pectore,
897 3359 938 3420 et
955 3337 1072 3438 collo,
1099 3336 1152 3422 sd
1178 3329 1341 3464 dimidii

221 3551 224 3560 .
296 3473 437 3582 capitis
465 3473 633 3558 infantis
662 3474 993 3583 magnitudinem
1000 3511 1012 3578 ς
1040 3496 1081 3557 et
1099 3496 1340 3583 quanquam
1411 3451 1415 3460 ’

295 3611 448 3694 ventris
467 3611 593 3694 moles
614 3639 771 3721 semper
789 3611 894 3695 foret
915 3613 1030 3721 justo
1048 3613 1193 3720 major,
1220 3631 1341 3696 mane
1374 3629 1376 3634 ·

294 3746 505 3838 interdum
519 3750 747 3832 naturalem
759 3749 935 3832 modum
949 3749 1061 3830 haud
1075 3749 1258 3830 multum
1276 3771 1343 3827 su·

295 3907 467 3994 peraret3
487 3913 585 3968 mox
603 3907 741 3970 tamen
755 3909 967 3970 momento
981 3884 1175 3996 temporis
1195 3885 1239 3966 in
1254 3907 1341 3966 tan-

294 4045 388 4108 turn
399 4025 646 4133 assurgebat,
656 4047 705 4108 ut
716 4051 830 4132 agra
842 4051 1081 4133 persuasum
1091 4047 1192 4112 esset
1205 4045 1340 4106 cutem

293 4161 530 4272 disruptum
558 4163 621 4246 iri
680 4163 834 4246 Eadem
855 4163 1223 4272 saepepercipiebst
1249 4185 1339 4242 mo-

293 4319 387 4384 tum
408 4301 616 4409 quendam
634 4303 848 4411 propagari
866 4301 1130 4388 aventriculo
1150 4301 1203 4386 ad
1216 4320 1342 4392 artum

293 4437 370 4556 qui
388 4440 577 4548 protinus
596 4441 939 4528 convellebantur.
