3002 5086
604 485 607 494 ’
668 453 764 550 183

186 655 322 740 Ardor
340 655 484 757 urinae,
500 681 661 756 nausea,
676 679 718 738 et
732 657 849 740 dolor
868 657 1123 764 lumborum,
1140 631 1231 738 fue·

185 815 284 878 mut
295 795 402 876 inter
416 793 553 876 minus
570 816 761 876 consueta
779 793 1130 874 haemorrhoi'dum
1149 791 1229 898 sig-

183 959 248 1016 na.
308 931 491 1040 Plerique
505 933 550 1010 in
569 931 647 1012 hoc
667 931 815 1014 morbo
830 929 999 1038 fugiunt
1014 931 1144 1030 alo'e'n,
1162 951 1229 1012 ut·

182 1091 278 1178 pote
290 1095 409 1152 venas
425 1069 493 1148 ani
505 1090 650 1176 praeter
665 1069 741 1150 alia
755 1069 894 1150 omnia
908 1068 1124 1175 purgantis
1138 1065 1230 1148 irri-

180 1229 360 1308 tantem3
389 1235 463 1290 nec
476 1234 639 1313 prorsus
650 1205 813 1313 injuria.
858 1207 1016 1288 Tamen
1031 1205 1097 1287 hic
1110 1203 1229 1288 affec·

179 1367 248 1428 tua
269 1345 384 1452 vulgi
410 1343 601 1452 opinione
629 1343 786 1452 ubique
804 1343 942 1424 minor
969 1365 1048 1444 est3
1077 1365 1117 1426 et
1141 1369 1229 1426 non

179 1485 435 1566 raronullus.
485 1482 656 1562 Proinde
666 1481 752 1562 illos
763 1509 849 1589 spes
861 1510 934 1562 sua
944 1509 1047 1590 saepe
1056 1480 1228 1564 frustra-

179 1619 311 1720 bitur,
321 1621 515 1727 quicum
530 1645 767 1726 persuasum
777 1619 952 1700 habeant
963 1617 1229 1700 haemorrhoi-

174 1757 252 1840 des
262 1785 346 1840 esse
355 1757 557 1855 salutares,
568 1755 732 1838 student
742 1784 814 1862 per
824 1757 1011 1836 alo‘e‘neas
1023 1754 1227 1836 inducere.

97 1879 108 1900 ’
237 1893 492 1982 Ubicunuue
504 1891 819 1974 haemorrhoides
829 1894 892 1974 vel
900 1893 1052 1992 dolent,
1063 1891 1127 1972 rel
1138 1917 1230 1974 san·

176 2028 354 2137 guinem
381 2027 579 2129 fundunt,
607 2029 734 2130 alvus,
761 2050 811 2112 ut
838 2057 899 2110 res
915 2029 1001 2138 ipsa
1029 2028 1228 2136 loquitur,

175 2166 380 2248 servanda
397 2187 468 2248 est·
482 2167 603 2273 paulo
622 2167 808 2249 tenerior.
864 2167 1009 2279 ¹Quem
1026 2165 1080 2246 ad
1101 2163 1229 2248 finem

176 2301 303 2388 fiores
316 2303 522 2411 sulphuris
535 2303 774 2386 anteomnia
784 2304 902 2386 utiles
910 2325 1226 2388 essecensentur.

176 2443 351 2526 Horum
370 2469 496 2548 grana
516 2441 658 2524 decem
676 2441 741 2522 vel
760 2439 998 2548 quindecim
1025 2441 1229 2526 lenissime

175 2579 324 2660 Qum
350 2600 530 2680 movent,
557 2600 597 2660 et
624 2599 826 2688 praterea,
854 2577 888 2660 si
907 2605 1000 2662 vera
1027 2601 1089 2662 est
1105 2578 1229 2684 fama,

175 2714 367 2798 dolorem
379 2715 550 2816 leniunt,
562 2737 601 2796 et
613 2715 821 2822 sanguinis
834 2743 1002 2798 cursum
1014 2717 1229 2818 moderan-

180 2876 263 2937 tur.
321 2855 391 2934 An
405 2847 693 2960 vero'sulphur
710 2853 802 2960 plus
817 2853 945 2936 valeat
959 2854 1003 2934 in
1023 2854 1101 2936 hoc
1116 2882 1227 2938 mor-

179 2992 251 3093 bo,
280 3017 408 3098 quam
422 2991 498 3071 alia
512 3017 603 3096 quae
619 2989 760 3072 leniter
775 3012 965 3098 purgant,
979 2991 1078 3072 adeo
1098 2993 1229 3074 incer·

181 3151 276 3228 tum
294 3149 366 3228 est,
394 3149 442 3208 ut
460 3128 548 3208 loco
564 3125 649 3234 ejus
669 3127 883 3208 commode
901 3125 990 3207 dari
1008 3126 1134 3234 possit
1162 3129 1228 3210 vel

180 3263 387 3346 electuarii
402 3292 534 3344 sennae
555 3263 762 3364 drachma,
779 3263 843 3345 vel
857 3261 1129 3344 cochlearium
1148 3265 1227 3350 olei

183 3431 206 3484 e
230 3401 455 3484 seminibus
475 3402 606 3502 ricini,
621 3402 684 3483 vel
703 3399 911 3484 semuncia
929 3401 1115 3484 tincturae
1136 3431 1226 3488 sen·

178 3567 245 3624 nae
261 3540 330 3620 cui
350 3539 502 3648 adjecta
513 3537 638 3621 fuerit
658 3539 734 3620 olei
745 3539 1060 3650 amygdalarum
1073 3541 1201 3623 xuncia
1212 3575 1226 3646 3

181 3703 365 3786 quorum
393 3675 583 3757 omnium
601 3677 820 3762 utilitatem
848 3705 945 3760 usus
962 3677 1226 3788 quotidianus

182 3811 433 3920 comprobat.

239 3951 368 4030 Dolor
387 3977 435 4030 ex
463 3947 830 4032 haemorrhoi'dibns
850 3951 1059 4032 interdum
1088 3973 1225 4033 tantus

181 4107 256 4186 est,
274 4107 322 4166 ut
337 4085 508 4191 presens
524 4085 723 4167 auxilium
738 4089 926 4194 postulet,
946 4089 1059 4194 quod
1076 4089 1227 4194 praebet

179 4223 422 4330 cataplasma
437 4221 551 4330 panis
581 4251 630 4304 ex
649 4224 748 4305 lacte
778 4223 935 4306 subacti
955 4253 1050 4306 cum
1079 4227 1226 4330 exiguo

184 4357 419 4443 modoolei:
449 4359 559 4442 idem
571 4382 762 4472 praestant
772 4361 974 4471 unguenti
987 4359 1114 4473 adipis
1129 4362 1226 4443 suil-
