3016 5076
791 419 864 524 -16

296 633 593 744 suppuratione
609 633 737 714 fuerit
754 633 936 735 vitiatus,
950 621 1279 742 priusquamper
1295 661 1350 737 tq

295 775 361 855 vel
371 773 495 874 ferro,
514 799 590 879 pus
603 771 867 852 emitteretur.
895 772 968 886 ¹Ut
981 773 1347 878 praecaveaturexi·

294 933 363 994 tut
377 905 845 1016 hujusmodiinfaustue,
862 908 961 990 utile
970 907 1054 990 fuit
1067 909 1184 992 ulcus
1203 910 1347 992 excita·

295 1071 339 1132 te
352 1073 477 1156 prope
496 1071 606 1152 genu
619 1044 665 1124 in
683 1043 851 1126 femoris
863 1067 976 1152 parte
994 1044 1186 1168 inten'ore
1200 1073 1347 1154 quem-

292 1185 481 1296 primum
498 1211 602 1265 anue
621 1181 858 1291 spectaverit
875 1181 928 1264 ad
945 1183 1242 1268 sanationem*.

563 1456 1113 1502 'mv

732 1628 841 1710 CAt.
862 1627 903 1710 6.

621 1789 692 1873 De
709 1791 1017 1900 Aneurysmate.

347 1953 574 2036 Tunones
591 1949 684 2033 colli
695 1947 1010 2060 aneurysmatici
1020 1949 1224 2037 durarunt
1232 1953 1343 2038 mul·

222 2151 237 2166 i.
291 2112 354 2174 tos
372 2117 500 2172 annot
520 2087 606 2170 sine
629 2087 715 2170 aliis
734 2087 1009 2171 incommodis
1035 2112 1185 2200 praeter
1202 2114 1343 2176 tumo-

291 2203 386 2312 rem
398 2249 438 2310 et
452 2225 632 2334 spirandi
650 2223 957 2326 difficultatem
986 2227 1154 2310 tandem
1173 2257 1272 2312 vero
1293 2229 1339 2314 in

290 2387 466 2448 mortem
479 2362 957 2472 repentinamdesierunt.
999 2365 1127 2447 Haud
1137 2365 1258 2473 pauci
1274 2390 1339 2450 tu-

290 2529 422 2586 mores
449 2502 513 2582 vel
538 2496 865 2610 aneurysmatici,
895 2499 959 2583 vel
988 2523 1093 2584 certe
1122 2499 1339 2610 manifesta

289 2631 514 2750 pulsatione
532 2661 867 2749 aneurysmatum
887 2639 1042 2742 aemuli,
1067 2664 1158 2750 post
1181 2630 1339 2746 multos

288 2779 456 2862 tandem
476 2804 603 2857 annos
633 2798 775 2884 sponte
794 2804 868 2857 sua
895 2771 1109 2886 coeperunt
1126 2777 1338 2884 imminui,

287 2938 328 2998 et
345 2914 429 3002 fere
448 2909 556 2997 finiti
575 2935 683 2996 sunt.

608 3117 1011 3164 m

725 3246 833 3404 Cin.
854 3291 893 3368 7.

500 3443 569 3528 De
587 3445 770 3556 Angina,
786 3458 826 3528 et
842 3445 967 3531 Febre
984 3443 1121 3532 rubra.

341 3605 596 3692 Consum
618 3605 790 3688 aliarum
808 3605 990 3690 febrium
1009 3608 1125 3716 signa
1141 3608 1188 3691 in
1215 3608 1332 3695 febre

283 3741 405 3824 etiam
428 3743 555 3826 rubra
582 3743 800 3852 incipiente
828 3767 1053 3828 nascuntur
1065 3781 1077 3848 ς
1110 3773 1234 3858 porro
1261 3749 1330 3832 die

280 3881 498 3988 primoyel
517 3881 695 3964 secundo
713 3882 817 3964 cutis
837 3905 985 3992 praeter
1003 3883 1171 3965 solitum
1196 3887 1331 3989 rubet,

276 4039 321 4102 et
338 4017 474 4100 fauces
503 4019 746 4128 plerumque
770 4020 910 4103 leviter
937 4015 1077 4104 dolent
1089 4057 1102 4126 3
1131 4022 1255 4106 simul
1282 4025 1329 4110 in

280 4157 490 4257 nonnullis
510 4153 618 4240 fiunt
636 4179 817 4240 tumores
837 4157 1139 4266 glandularum,
1166 4189 1264 4246 cum
1281 4161 1329 4244 in

281 4417 285 4424 ·
397 4378 503 4442 *Vide
513 4399 578 4460 quc
591 4379 629 4442 dt
642 4379 741 4442 fistula
754 4380 801 4444 ani
815 4377 892 4446 intra
904 4393 1049 4464 precepta
1061 4393 1139 4446 sunt.
