3110 5082
820 429 934 536 ’400

363 651 366 658 '
399 643 612 756 Siquidem
652 635 763 726 certa¹
797 671 867 728 res·
889 645 941 728 sit
965 643 1210 752 'vertiginem
1236 671 1285 726 ex
1312 645 1392 730 alio

340 787 490 868 morbo
521 783 708 890 pendere,
735 781 787 864 ad
817 782 930 868 bunc
963 805 1048 867 tota
1075 783 1230 866 curatio
1249 781 1391 890 procul

253 907 257 916 ⁸
341 909 477 1006 dubio¹
491 924 567 1003 erit
585 921 807 1026 dirigenda.
853 923 949 1000 Non
968 941 1105 1000 tamen
1123 941 1183 1000 est
1199 920 1391 1002 dissimu-

342 1061 527 1158 landum,
555 1059 671 1164 signa
702 1057 757 1138 in
777 1057 975 1162 vertigine
995 1057 1161 1140 adversa
1179 1057 1391 1142 interdum

339 1199 440 1278 eden
458 1201 542 1278 es'se
561 1195 759 1301 perplexa,
786 1216 834 1275 ut
863 1191 1026 1276 difficile
1052 1194 1103 1276 sit
1126 1195 1310 1302 judicare
1339 1193 1392 1279 ad

341 1331 742 1441 quampotissimum
756 1359 920 1412 causam
932 1331 1087 1438 vertigo
1100 1332 1153 1414 sit
1163 1331 1390 1434 referenda,

340 1474 404 1552 vel
437 1471 636 1552 rationem
666 1468 836 1550 reddere.
862 1494 938 1551 cur
969 1449 1111 1552 eadem
1130 1449 1390 1553 omnibusin

335 1607 542 1689 similibus
562 1603 720 1686 casibus
740 1633 825 1686 non
841 1605 1102 1712 opitulentur.

396 1745 457 1824 Ex
489 1743 538 1823 iis
567 1771 659 1850 quae
693 1743 744 1823 de
776 1741 855 1822 hoc
875 1739 1021 1824 affectu
1039 1740 1245 1842 annotavi,
1270 1740 1391 1830 video

338 1879 560 1978 vomitum,
587 1903 627 1962 et
660 1880 800 1960 alvum
818 1879 970 1980 fusam,
998 1901 1139 1986 sponte
1159 1907 1231 1959 sua
1250 1905 1391 1986 super-

340 2017 558 2124 venientes,
571 2045 729 2122 semper
743 2016 868 2098 fuisse
883 2017 1054 2115 a'uxilio;
1073 2045 1119 2100 ea
1137 2037 1276 2098 autern
1295 2035 1390 2122 que

340 2177 570 2261 sequuntur
589 2181 748 2260 semper
766 2153 975 2255 nocuisse3
1005 2153 1220 2253 nimirum,
1248 2155 1390 2260 pulve-

338 2317 429 2372 rem
457 2317 505 2372 ex
526 2290 736 2371 ‘nicotiana
765 2291 933 2372 naribus
964 2290 1174 2390 haustum,
1195 2301 1389 2398 'occupa-

338 2429 467 2509 tiones
487 2427 651 2527 nimias,
679 2425 1024 2534 defatigationem,
1052 2427 1219 2508 turbam
1251 2427 1388 2508 homi·

339 2571 458 2662 num,
486 2592 693 2665 somnum,
720 2565 915 2671 corporis
931 2562 1251 2664 inclinationem,
1284 2585 1389 2645 stare
1437 2637 1440 2644 ,

338 2699 509 2801 diutins,
526 2701 747 2802 ambulare,
766 2701 943 2808 corporis
964 2702 1090 2784 situm
1108 2701 1153 2782 in
1166 2701 1273 2784 lecto
1291 2715 1387 2784 mu'-
1497 2737 1499 2795 5

338 2859 436 2937 tare,
464 2838 641 2918 calorem
660 2839 768 2938 coeli,
789 2837 946 2945 jejunia
974 2839 1109 2946 longa,
1136 2859 1177 2922 et
1194 2838 1385 2946 pleraque
1495 2823 1497 2895 l

337 2975 515 3062 remedia
528 2975 808 3056 exinanientia.
1492 2951 1494 3045 l

395 3114 444 3192 ln
458 3137 631 3194 numero
650 3112 931 3219 presidiorum
948 3133 1089 3195 contra
1103 3111 1208 3193 hanc
1221 3113 1384 3219 aegritu·

335 3249 481 3331 dinem
499 3249 703 3331 habentur
721 3249 985 3332 cucurbitula
1000 3249 1174 3332 admotae
1194 3278 1291 3332 cnm
1305 3249 1385 3332 fer·

337 3413 400 3488 ro,
413 3387 741 3488 haemorrhoides,
756 3387 963 3493 sanguinis
978 3387 1175 3470 detractio
1189 3415 1261 3496 per
1271 3387 1386 3470 hiru'·

335 3523 467 3625 dines,
481 3525 545 3608 vel
554 3521 681 3607 incise
694 3553 808 3625 vena,
826 3525 1040 3632 emplastra
1052 3526 1310 3626 cantharidis,
1324 3526 1384 3606 vi·

336 3659 395 3743 tia
408 3661 527 3762 cutis,
544 3664 736 3762 vomitus,
754 3662 976 3764 ulcuscula,
994 3663 1141 3744 lavatio
1159 3662 1321 3768 frigida,
1342 3685 1382 3746 et

334 3797 528 3882 arthritis.
585 3797 663 3879 Sed
678 3799 894 3879 molestum
914 3799 1106 3906 estquod
1125 3799 1315 3908 pleraque
1333 3827 1379 3882 ex

336 3932 401 4014 his
421 3954 522 4040 saepe
540 3959 653 4040 spem
672 3960 874 4041 aegrorum
892 3935 1176 4038 destimerunt,
1202 3938 1377 4020 maxime

335 4061 530 4169 arthritie,
548 4092 588 4150 et
601 4071 813 4177 emplastra
833 4071 1092 4154 cantharidis.
1135 4071 1261 4154 Venae
1278 4073 1378 4154 inci·

334 4206 412 4304 sio,
437 4227 480 4286 et
503 4233 596 4312 quae
616 4191 1103 4316 vehementiuspnrgant,
1127 4209 1273 4318 saepius
1290 4209 1376 4290 fue·

338 4361 436 4431 runt
455 4341 710 4448 detrimento,
730 4371 856 4452 quarn
875 4346 1049 4450 auxili03
1069 4345 1133 4431 vel
1147 4346 1294 4432 'saltem'
1309 4351 1374 4456 p'a·
