3104 5084
802 449 906 554 304

323 671 490 768 nequeo
498 658 664 742 suadere
675 659 752 745 iter
763 660 815 744 ad
824 661 1088 766 Bathoniam3
1103 664 1218 774 qnod
1229 668 1262 750 si
1273 667 1389 752 illud·

323 799 383 880 ab
398 799 515 905 aegris
527 797 638 904 ipsis,
651 798 716 880 vel
733 798 787 880 ab
801 819 945 880 eorum
959 801 1201 910 propinquis
1215 821 1369 914 expeta-

327 959 411 1035 tur,
426 961 497 1042 per
507 962 582 1033 ¹me
594 935 685 1018 licet
698 957 803 1017 eant.
860 937 1029 1021 Lavatio
1042 939 1194 1046 frigida
1206 943 1276 1023 vix
1287 971 1369 1044 am·

323 1063 499 1181 pliorem
514 1073 912 1156 commendationem
925 1099 1114 1159 meretur.
1145 1081 1257 1161 Novi
1267 1081 1367 1162 bene

325 1211 478 1292 multos
493 1210 567 1318 qui
586 1239 635 1292 ex
648 1212 822 1322 paralysi
836 1235 1084 1322 emergentes
1103 1239 1315 1322 sperarunt
1330 1245 1368 1313 se
1390 1207 1392 1210 ⁵

322 1348 563 1435 inventuros
596 1377 679 1451 esse
707 1350 936 1432 remedium
966 1351 1019 1432 ad
1046 1353 1304 1460 vertiginem,
1330 1376 1370 1438 et

322 1485 587 1588 debilitatem,
613 1508 737 1606 atque
755 1485 831 1568 alia
849 1488 956 1568 mala
973 1515 1024 1570 ex
1041 1487 1118 1570 hac
1138 1489 1368 1574 valetudine

322 1646 424 1725 orta,
448 1623 542 1706 siin
560 1652 672 1707 mare
689 1624 985 1708 descenderent.
1043 1627 1096 1708 Et
1114 1627 1301 1734 quidam,
1318 1651 1365 1731 ut

321 1761 419 1868 ipsis
431 1761 791 1863 videbatur,levati
802 1783 916 1845 sunt:
936 1761 1111 1873 aliorum
1122 1745 1367 1848 valetudoin

164 1981 167 1989 ,
321 1897 439 2010 pejus
447 1925 567 1983 ruens
575 1898 733 2007 frigidae
745 1899 1022 2008 imputataest.
1037 1901 1185 1984 Verior
1193 1901 1367 1988 forsitan

178 2014 181 2026 ¹
320 2038 518 2128 sententia
535 2061 649 2140 esset,
666 2037 772 2118 hanc
790 2063 926 2146 neque
943 2037 1143 2140 nocuisse,
1163 2067 1239 2122 nec
1260 2041 1366 2122 mul·

303 2151 411 2258 *tum
425 2173 634 2282 profuisse.
692 2172 846 2256 Medici
858 2175 985 2282 igitur
995 2175 1070 2284 qui
1085 2176 1130 2256 in
1144 2178 1364 2286 reprehen-

222 2331 228 2340 '
320 2313 444 2396 sionis
474 2312 703 2420 periculum
735 2311 941 2394 incurrere
970 2313 1132 2414 nolunt,
1159 2315 1363 2397 cavebunt

318 2480 343 2534 a
365 2449 571 2531 suadenda
597 2449 797 2566 lavatione
824 2448 988 2557 frigida,
1019 2477 1117 2535 cum
1139 2451 1363 2562 paralytici,

184 2576 190 2652 f
316 2585 518 2696 quicquid
535 2583 716 2687 fecerint,
735 2608 820 2668 tam
835 2587 1003 2670 obnoxii
1022 2608 1119 2670 sunt
1137 2589 1287 2674 morbo
1303 2617 1363 2672 re-

315 2726 462 2809 cidivo.
521 2724 649 2837 Quod
664 2725 698 2804 si
710 2725 773 2805 vel
790 2725 897 2808 inter
910 2723 1145 2825 lavandum,
1164 2727 1228 2806 vel
1243 2725 1359 2809 brevi

315 2883 451 2970 postea
470 2859 541 2943 fiat
557 2841 667 2942 *nova
683 2861 865 2962 accessio,
893 2861 938 2944 in
960 2863 1074 2946 illam
1092 2889 1273 2986 causam,
1294 2883 1360 2949 ut·

314 3025 479 3107 cunque
497 2999 715 3098 immerito,
733 2999 868 3080 omnis
887 3001 1005 3107 culpa
1024 2997 1269 3116 conferetur.
1376 2997 1377 3002 ‘

368 3137 545 3218 Somnus
556 3157 615 3218 est
625 3135 828 3242 imprimis¹
840 3136 1083 3220 necessarius
1095 3137 1147 3218 'ad
1159 3165 1359 3220 renovan-

310 3275 381 3356 das
394 3274 498 3356 vires
518 3273 771 3379 animosque,
790 3272 925 3354 labore
943 3295 985 3354 et
1003 3274 1110 3355 curis
1125 3273 1356 3377 exhaustam

310 3434 351 3495 et
360 3433 498 3494 tamen
509 3411 650 3518 procul
658 3409 787 3490 dubio
796 3409 1007 3492 hominem
1016 3411 1357 3518 opportuniorem

300 3549 444 3632 'reddit
452 3547 646 3632 omnibus
657 3546 734 3628 illis
747 3543 970 3648 affectibus,
982 3533 1056 3655 oui
1069 3575 1118 3628 ex
1130 3575 1355 3630 nervorum

219 3665 223 3678 ’
308 3683 546 3768 infirmitate
565 3684 663 3766 on'ri
677 3683 980 3784 existimantur3
1009 3684 1227 3792 inquibus
1248 3713 1354 3793 quo·

310 3849 391 3931 que
418 3821 671 3902 numeranda
698 3842 758 3902 est
783 3821 1001 3930 apoplexia,
1029 3849 1121 3930 quae
1149 3849 1253 3928 soepe
1281 3845 1353 3927 per

239 3999 245 4006 ·
309 3959 489 4070 quietem
507 3957 661 4058 crescit,
679 3957 743 4040 vel
756 3979 849 4038 tum
859 3959 1043 4066 primum
1054 3957 1223 4041 invadit.
1257 3955 1351 4038 Illos

306 4101 445 4206 itaque
475 4125 616 4179 omnes
649 4095 792 4216 qui-in
817 4096 880 4180 his
907 4095 1062 4178 morbis
1082 4097 1192 4195 sunt,
1219 4117 1261 4178 et
1279 4123 1350 4176 cu-

306 4237 428 4346 piunt
455 4235 615 4320 amoliri
633 4233 844 4344 presentia
861 4234 981 4334 mala,
1008 4233 1072 4316 vel
1089 4231 1231 4317 fissura
1247 4251 1350 4343 prae-
