3050 5084
92 758 94 767 Ι
149 655 578 742 Unicumremedium
594 682 656 742 est
684 659 917 742 testiculum
945 649 1194 742 acirrhoeum

149 795 342 898 excidere,
369 795 495 877 modo
514 797 665 877 chorda
685 797 1095 904 spemaaticaintegra
1114 795 1191 895 sit3

151 933 215 1016 ain
226 933 311 1016 haec
327 957 494 1040 quoque
508 933 615 1014 malo
630 934 774 1016 eodem
788 934 927 1016 uitiata
944 933 1081 1033 fuerit,
1099 933 1191 1012 nul-

149 1071 213 1151 lus
233 1069 412 1152 remedio
435 1069 551 1150 locus
581 1091 650 1152 eet.
696 1069 951 1178 Hydrocele,
979 1083 1026 1150 u't
1048 1069 1195 1150 habeat

150 1205 307 1312 aliquid
326 1205 591 1307 incommodi,
609 1207 786 1313 periculo
805 1227 941 1288 tamen
956 1227 1095 1298 vacat;
1124 1204 1194 1286 sod
1282 1237 1288 1252 ’

152 1343 310 1451 quoties
323 1369 424 1448 opus
437 1341 573 1444 fuerit,
585 1341 743 1426 ferrum
754 1364 844 1425 tuto
855 1341 1039 1422 adhiberi
1051 1363 1195 1448 potest,

99 1527 103 1532 ·
150 1503 191 1566 ot
203 1479 287 1562 fere
301 1479 386 1567 sine
400 1479 563 1560 dolore.¹
579 1481 772 1588 Chirurgi
791 1479 999 1560 interdum
1016 1499 1193 1559 utuntur

151 1618 374 1717 curatione,
392 1643 483 1724 quae
503 1617 691 1726 prohibet
704 1647 755 1699 ne
770 1643 876 1725 aqua
893 1617 1043 1698 iterum
1061 1628 1196 1698 renas·

149 1775 291 1855 uatur3
319 1753 370 1836 de
390 1781 474 1862 quo
493 1781 637 1836 eorum
654 1756 749 1838 libri
767 1777 864 1838 eunt
881 1753 1128 1836 consulendi.

575 2099 682 2187 Cae.
708 2099 775 2188 90.

538 2265 607 2348 De
631 2267 818 2378 Torpore.

169 2501 174 2508 .
211 2432 463 2514 Tonronnu
484 2425 672 2527 dicimus,
689 2428 765 2510 ubi
780 2455 918 2512 oeneus
933 2450 1061 2512 tactus
1077 2427 1198 2512 hebes

153 2589 215 2652 eet
231 2588 286 2649 =et
314 2568 520 2648 obscurua
579 2565 701 2644 Nulla
728 2565 897 2679 quidem
915 2567 1092 2674 corporis
1121 2567 1200 2647 hu·
1264 2599 1269 2604 ·

154 2703 271 2787 mani
285 2731 374 2811 para
389 2725 462 2802 est,-
481 2727 571 2810 quae
591 2728 676 2782 non
690 2682 899 2784 interdum
913 2725 1044 2812 torpet
1057 2739 1068 2804 l
1080 2731 1200 2786 max·

156 2839 239 2922 ime
272 2861 409 2922 autem
442 2861 552 2920 artus
582 2837 679 2920 huic
710 2839 820 2921 casui
853 2863 951 2922 eunt
968 2842 1206 2948 opportuni·

158 2978 414 3090 Quanquam
421 2976 626 3057 innumeri
634 2999 730 3057 sunt
737 2979 907 3084 torporis
915 2978 1201 3084 graduararis-

157 3117 259 3204 sime
278 3138 415 3197 tamen
434 3111 500 3215 lit,
521 3136 570 3194 ut
591 3134 721 3194 tactus
740 3141 788 3194 ex
807 3136 892 3195 toto
913 3115 1135 3215 amittatur,
1152 3137 1202 3196 et

155 3253 318 3362 penitus
337 3274 484 3359 pereat,
501 3249 624 3332 etiam
642 3248 687 3328 in
706 3249 935 3359 paralyticis
954 3251 1181 3359 deploratis.

213 3367 487 3498 Torporaaepe
501 3385 632 3468 oritur
646 3413 694 3466 ex
709 3387 837 3470 causis
850 3389 1020 3470 omnino
1032 3387 1203 3489 levibus,

156 3529 270 3608 velut
294 3553 343 3606 ex
356 3525 439 3606 ritu
453 3523 630 3606 membri
653 3523 930 3626 incommodo,
947 3546 987 3606 et
1005 3553 1103 3611 mox
1120 3525 1203 3606 dia·

156 3663 324 3765 entitur,
339 3663 453 3744 nullo
469 3661 646 3768 periculo
658 3659 878 3744 intentato:
898 3689 1202 3770 nonnunquam

155 3800 326 3892 initium
338 3798 458 3882 duxit
475 3797 527 3878 ab
549 3797 635 3878 istis
654 3825 873 3880 nervorum
886 3798 1007 3898 vitiis,
1023 3826 1115 3906 quae
1134 3825 1203 3878 va-

156 3935 382 4024 letudinem
408 3933 634 4034 subruunt3
661 3955 701 4014 et
725 3935 923 4042 praecesoit
940 3935 1202 4016 disterrtionea

155 4095 395 4174 nervorum,
419 4071 635 4182 paralysin,
653 4093 694 4152 et
712 4071 972 4178 apoplexiam.
1012 4072 1200 4154 Senectus

155 4211 320 4312 uidetur
347 4209 564 4316 subjectior
591 4207 688 4290 huic
716 4207 894 4312 affectui,
916 4232 1003 4292 tam
1026 4210 1073 4292 in
1090 4209 1204 4334 viris,

157 4371 286 4457 quarn
304 4349 349 4430 in
368 4373 471 4434 aeru-
481 4343 676 4432 debiliore
689 4376 715 4434 e..
729 4346 774 4455 in
786 4345 1002 4458 juventute
1020 4346 1202 4432 foeminae

617 4485 689 4564 2³
