3050 5084
664 495 767 604 839

96 791 101 801 ,
182 706 288 806 litas,
306 705 533 814 victusque,
552 727 774 814 vestesque,
793 727 833 788 et
853 713 918 786 a'e'r
937 707 1163 808 conclusus,
1188 708 1232 824 irr

170 841 244 922 -his
261 844 501 924 mulieribus
516 833 701 924 excitant.
733 845 906 924 Pustulae
922 845 1005 924 istae
1022 845 1232 926 interdum
1262 870 1277 908 ‚·
1344 817 1348 825 .

181 979 385 1078 oriuntur,
395 1001 435 1060 et
448 1007 594 1084 paucos
608 981 691 1062 dies
706 1003 884 1078 manent,
897 982 1237 1086 quamvisfebris‚

181 1143 221 1198 et
236 1118 371 1196 omnis
387 1117 553 1198 adversa
568 1119 757 1198 valetudo
773 1119 887 1198 absit.
932 1119 1081 1198 Exacto
1097 1149 1234 1202 mense

183 1281 282 1354 uno,
308 1255 370 1334 vel
390 1255 677 1362 sesquimeuse,
705 1285 727 1334 a
747 1277 879 1360 partu,
907 1253 1044 1334 femur
1062 1257 1237 1337 alterum

171 1391 230 1470 -in
246 1391 498 1498 quibusdam
509 1391 634 1498 coepir
649 1389 795 1489 dolere,
813 1413 854 1470 et
867 1389 963 1469 dein
979 1389 1020 1468 in
1034 1419 1236 1498 magnum
1266 1379 1273 1390 ⁵

184 1529 422 1636 durumque
437 1555 582 1634 corpus
599 1529 810 1626 intumuit,
830 1528 946 1608 itaut
961 1555 1053 1607 crus
1068 1531 1231 1614 extendi

185 1692 272 1746 non
291 1667 478 1772 potuerit.
511 1666 764 1772 Hujusmodi
780 1685 919 1744 tumor
934 1665 1002 1744 vix
1022 1688 1113 1770 post
1132 1669 1236 1748 inte·

186 1829 310 1908 grum
330 1829 513 1884 mensem
533 1805 632 1884 adeo
651 1803 896 1903 subsederat,
925 1823 972 1882 ut
992 1829 1065 1882 sua
1087 1803 1235 1885 femori

186 1941 382 2020 movendi
402 1940 569 2022 facultas
591 1941 834 2022 redderetur.

245 2079 451 2186 Paralysis,
479 2102 518 2159 et
548 2079 717 2178 insania,
743 2078 894 2184 quibus
915 2075 1101 2156 mulieres
1121 2075 1238 2160 brevi
1289 2058 1292 2066 ¹

132 2290 136 2296 .
189 2238 280 2319 post
300 2237 464 2319 partum
480 2237 575 2295 sunt
594 2239 845 2322 opportunae,
874 2239 998 2319 ocyus
1020 2195 1238 2314 finiuntur,

187 2373 227 2430 et
243 2352 370 2430 rarius
384 2377 655 2452 revertuntur,
672 2381 798 2459 quarn
814 2349 887 2431 ubi
903 2349 1025 2430 iidem
1039 2349 1178 2428 morbi·
1188 2377 1238 2430 ex

190 2485 333 2594 quavis
353 2487 429 2568 alia
461 2517 578 2569 causa
608 2490 826 2572 habuerint
855 2487 1032 2567 initium.
1093 2486 1235 2567 Febres
1342 2533 1346 2540 ·

190 2651 479 2731 puerperarum
494 2627 641 2708 similes
655 2651 751 2708 sunt
763 2627 847 2707 aliis
861 2622 1059 2722 febribus,
1073 2645 1112 2702 et
1124 2623 1238 2702 simi-

190 2763 272 2842 lem
305 2761 495 2842 medendi
526 2763 725 2844 'rationem
758 2761 975 2870 postulant.
1018 2759 1239 2866 Principio

153 2909 156 2913 '
177 2927 295 3004 saepe
316 2896 505 2979 convenit
524 2925 670 2980 venam
689 2901 874 2982 incidere.

522 3132 911 3156 v--ffl--m--d-n

522 3153 914 3179 ..ιιι-Ἣ

525 3287 527 3292 ·
620 3268 726 3346 Cur.
757 3266 823 3348 78.

370 3451 375 3462 '
458 3430 525 3514 De
545 3427 768 3536 Purpureis
788 3425 979 3510 Masulis.

125 3699 128 3704 Δ
246 3599 625 3700 Currspuororum
637 3588 843 3669 interdum
856 3589 1012 3696 ubique
1023 3590 1241 3698 distingui-

197 3755 265 3812 tur
285 3729 453 3811 maculis
474 3725 699 3834 purpureis,
720 3711 920 3806 similibus
936 3747 1076 3806 earum
1092 3755 1183 3834 quae
1199 3729 1244 3808 in

198 3867 450 3976 quibusdam
468 3834 652 3944 febribus
678 3883 912 3944 nascuntur.
971 3865 1130 3944 Thrnen
1148 3891 1246 3944 cum
1277 3855 1281 3862 ’

191 4009 262 4114 ⁸his
279 4006 444 4086 adversa
463 4001 652 4082 valetudo
671 3999 782 4078 nulle
796 4023 868 4099 est,
887 4029 1019 4106 neque
1035 4003 1246 4107 praecessit,

197 4163 332 4250 neque
352 4139 626 4246 subsequitur.
673 4127 772 4214 Aliae
794 4137 964 4242 pustulae
987 4138 1053 4217 vix
1073 4159 1168 4218 sunt
1188 4167 1246 4218 se-

201 4281 311 4358 miue
328 4278 429 4356 milii
453 4275 636 4380 majores,
665 4272 748 4350 aliae
769 4291 866 4353 aunt
885 4293 963 4354 tres
984 4275 1142 4380 pollices
1158 4297 1248 4352 am-

193 4419 281 4521 plze.
337 4419 428 4494 Post
444 4437 591 4520 paucos
608 4411 690 4489 (lies
707 4433 861 4492 cunctae
878 4413 961 4492 sine
978 4412 1247 4492 medi-cameo-

672 4573 698 4626 z
722 4552 749 4626 ‘l
