3050 5084
653 479 753 590 365

185 713 244 782 tes
274 684 450 782 minores
479 683 663 804 primum
691 697 946 799 mollescunt,
974 685 1070 782 <lein
1098 699 1232 784 subsi-

184 835 303 936 dunt,
320 858 360 918 et
375 835 419 916 in
439 857 589 918 statum
609 813 835 918 naturalem
845 859 1121 934 revertuntur.
1153 839 1231 918 Ert-

184 971 317 1078 empla
354 971 507 1054 horum
548 972 739 1054 omnium
778 975 962 1080 quotidie
998 997 1229 1058 occurrunt.-

156 1217 159 1226 .
186 1109 317 1222 Quod
348 1108 383 1188 si
400 1108 602 1214 glandula
622 1108 849 1194 tumefactae
869 1111 1067 1216 coeperint
1085 1097 1231 1194 rubere

182 1268 223 1330 et
237 1243 499 1346 inflammari,
517 1246 636 1352 longe
650 1248 761 1330 abest
774 1269 820 1328 ut
833 1247 913 1330 cito
926 1248 970 1328 in
982 1249 1141 1330 bonum
1154 1277 1230 1358 pus

114 1449 119 1463 ,
183 1406 515 1490 concoquantur:
547 1382 765 1466 lentissime
783 1385 908 1484 enim,
935 1406 976 1466 et
999 1383 1233 1492 imperfecte
1332 1469 1336 1480 ,

183 1544 425 1628 suppurent,
445 1543 566 1628 atque
578 1519 633 1602 ita
647 1521 890 1604 tabescentes
911 1521 1077 1604 tandem
1091 1551 1233 1608 conta·

185 1681 369 1742 nescunt.
400 1657 486 1740 Has
499 1657 786 1762 glandularum
800 1657 1108 1741 exulcerationes
1124 1685 1233 1740 nun·
1257 1635 1261 1643 ¹

136 1873 142 1900 ⁸
186 1823 316 1906 quam
337 1795 425 1877 ridi
444 1793 530 1874 lieri
550 1795 819 1877 carcinomata
833 1794 876 1876 in
892 1771 1035 1904 puerili
1050 1815 1176 1896 aetate,
1192 1819 1233 1880 et

186 1955 276 2031 non
294 1931 454 2016 nisibis
474 1953 583 2012 terve
601 1933 646 2010 in
666 1931 814 2012 adulta.

170 2145 174 2160 ,
245 2047 415 2168 Nullus,.
438 2089 486 2148 ut
501 2067 613 2148 *mihi
634 2067 809 2166 videtur,
836 2067 946 2150 locus
966 2091 1024 2150 est
1044 2069 1235 2177 cataplas-

186 2205 382 2306 matibus,
408 2205 646 2311 emplastris,
674 2226 745 2288 aut
763 2204 1002 2286 vestimento
1032 2205 1234 2312 tepidiori,

187 2343 265 2426 ubi
292 2341 493 2450 glandula
523 2363 732 2428 strumosae
761 2341 950 2423 nondum
976 2365 1104 2449 ruptae
1125 2367 1233 2426 sunt·

186 2479 317 2562 Dolor
331 2480 443 2562 enim
457 2479 588 2562 multo
604 2477 728 2560 levior
742 2499 813 2578 est,
832 2506 958 2586 quarn
973 2501 1020 2562 ut
1032 2480 1107 2562 tale
1123 2483 1236 2564 auxi-

188 2619 296 2701 lium
315 2617 519 2722 requiram
538 2637 577 2696 et
595 2641 742 2721 parurn
761 2636 917 2696 constat
935 2614 983 2696 iis
1002 2615 1130 2698 inesse
1147 2615 1236 2698 vim

190 2754 373 2860 aliquam
401 2775 580 2834 tumores
609 2749 864 2844 discutiendi.
924 2751 1113 2863 Quodsi
1142 2753 1235 2858 quis

191 2891 381 2989 calorem,
421 2910 460 2970 et
497 2887 676 2972 remedia
701 2887 944 2970 extrinsecus
974 2887 1161 2970 adhibeat
1189 2915 1237 2972 eo

191 3029 375 3126 consilio,
393 3049 440 3108 ut
455 3047 530 3132 pus
550 3045 730 3124 moveat3
751 3051 812 3106 nae
833 3025 898 3104 ille
917 3023 960 3106 id
972 3020 1139 3106 molitur
1153 3023 1239 3106 effi-

192 3193 295 3266 cere,
314 3163 429 3272 quod
443 3159 625 3260 nefieret‚
640 3161 812 3242 summis
827 3159 983 3244 viribus
998 3163 1244 3244 contendere
1283 3213 1285 3216 -

192 3303 375 3384 deberet:
396 3326 528 3406 neque
546 3299 658 3378 enim
676 3319 825 3378 temere
844 3296 1012 3402 reperies
1032 3298 1160 3404 magis
1176 3300 1238 3380 in-

192 3439 377 3522 faustum
408 3435 530 3540 hujus
551 3433 685 3516 morbi
704 3433 870 3516 exitum.
930 3433 992 3516 Fit
1012 3455 1147 3516 tamen
1166 3437 1239 3518 alia

182 3549 364 3683 ⁴quando
378 3595 426 3656 ut
440 3571 640 3678 glandule
655 3572 808 3652 vitiosa
823 3589 963 3674 sponte
979 3597 1051 3652 sua
1062 3593 1240 3678 spectent

196 3715 250 3798 ad
278 3711 625 3820 suppurationem,
652 3735 780 3816 quam
813 3707 927 3787 nullo
961 3707 1085 3790 modo
1114 3707 1241 3794 vitare

194 3847 305 3936 licet:
326 3851 403 3932 sub
421 3877 507 3956 quo
526 3875 621 3930 casu
636 3873 696 3926 res
708 3867 793 3928 tota
805 3865 957 3928 nature
971 3845 1241 3950 permittenda

195 4009 269 4088 est,
297 4015 388 4094 quae
407 3987 492 4067 sine
511 3983 632 4084 ferro,
649 3983 713 4062 vel
731 3981 905 4082 ustione,
923 3981 1037 4062 ulcus
1058 3982 1132 4062 rite
1151 4011 1243 4088 ape«

197 4127 286 4226 riet,
300 4147 354 4224 et,
368 4121 492 4206 modo
505 4121 708 4202 lenlsstmo
722 4145 868 4226 quovis
880 4119 1095 4224 emplastro
1107 4141 1242 4200 conte-

196 4285 330 4369 gatur,
359 4259 409 4342 ad
428 4259 640 4340 sanitatem
659 4255 860 4362 perducet.

202 4375 607 4484 Inflammationes
637 4391 923 4500 palpebrarum
961 4413 1002 4472 et
1030 4337 1243 4476 oculorum
