3050 5084
227 749 228 754 Ν
341 693 500 774 variola
515 693 580 774 die
600 673 760 801 quinto,
778 695 843 775 vel
861 715 983 776 sexto.
1042 694 1153 800 Saepe
1173 687 1233 795 fit,
1251 715 1300 776 ut
1319 721 1380 776 eo·

217 924 223 931 ⁸
339 829 436 910 dem
464 831 530 911 die
548 843 649 938 'quo
679 853 774 912 nata
801 852 862 912 est
890 829 975 912 haec
1002 832 1190 933 vesicula,
1215 833 1279 914 vel
1311 861 1379 940 po-

339 966 491 1082 stridie,
522 967 653 1048 tenuis
672 967 757 1074 ejus
787 967 962 1050 cuticula
981 959 1211 1076 rumpatur,
1231 970 1379 1076 partim

339 1101 516 1182 vestium
527 1104 682 1204 attritu,
696 1104 846 1211 partim
858 1104 1059 1186 scabendo
1073 1101 1189 1212 (nam
1201 1105 1378 1211 pruritus

338 1237 422 1318 fere
441 1241 517 1354 est)
534 1261 573 1320 et
584 1263 718 1330 crusta
729 1240 827 1322 levis
839 1238 1044 1338 succedat:
1074 1241 1231 1349 reliqua
1245 1264 1379 1344 autem

338 1400 429 1482 pars
460 1379 630 1482 pustulae
661 1373 849 1477 subsidit,
877 1399 917 1457 et
942 1358 1174 1483 nunquam,
1204 1377 1310 1484 sicut
1335 1378 1377 1458 in

337 1509 442 1592 veris
455 1513 629 1612 variolis‚
643 1513 687 1594 in
702 1542 778 1622 pus
792 1533 986 1594 mutatur.
1045 1513 1216 1595 Proinde
1232 1513 1376 1622 quinto

336 1649 597 1758 pustularum
633 1650 699 1731 die
735 1672 870 1733 crusta
895 1631 1039 1756 'tenuis
1078 1651 1290 1760 plerasque
1328 1671 1374 1733 ez

337 1777 400 1866 his
439 1785 612 1892 pustulis
650 1809 830 1895 occupat
888 1789 1026 1868 Paucae
1065 1788 1254 1898 quaedam
1292 1815 1374 1870 non

228 1918 234 1929 '
337 1905 465 2028 'ruptae
495 1923 723 2005 'humorem
767 1951 891 2006 suum
928 1925 1171 2031 spissescere,
1194 1911 1251 2006 ¹et
1287 1952 1377 2008 exa·

339 2085 502 2160 rescere,
535 2061 688 2142 sinunt.
747 2063 855 2141 Cum
883 2089 979 2143 vero
1004 2059 1072 2142 hic
1100 2061 1252 2142 humor
1280 2087 1377 2163 non,

338 2191 691 2304 'quemadmodum
721 2195 766 2278 in
785 2199 888 2279 veris
919 2197 1094 2300 variolis,
1116 2227 1164 2280 ex
1182 2221 1274 2282 cute
1292 2201 1376 2306 ipsa

338 2356 558 2442 suppurata
576 2335 755 2435 oriatur3
785 2333 869 2438 sed,
882 2355 930 2416 ut
948 2335 1138 2418 credibile
1157 2357 1229 2438 est,
1242 2364 1291 2418 ex
1308 2365 1375 2418 va-

335 2469 388 2549 sis
401 2471 503 2554 cutis
517 2473 657 2556 serosis
669 2473 774 2553 inter
786 2472 1005 2556 cuticulam
1013 2497 1232 2581 cutemque
1243 2471 1372 2554 effim-

335 2607 481 2712 datur;
506 2610 648 2720 itaque
678 2597 763 2692 non
782 2611 938 2695 mirum
956 2631 1028 2710 est,
1055 2611 1089 2692 si
1108 2611 1172 2692 vel
1198 2611 1374 2694 secundo

333 2743 399 2825 die
428 2769 626 2854 appareat,
656 2750 719 2830 vel
750 2769 870 2854 rupta
900 2748 1076 2829 cuticula
1105 2769 1191 2829 tam
1219 2748 1300 2830 cito
1328 2748 1370 2828 in

330 2883 512 2966 'crustam
541 2884 708 2966 desinat.
767 2887 880 2965 Tum
899 2911 994 2984 rero
1021 2885 1220 2966 cicatrices
1250 2885 1370 2966 nullae

332 3019 712 3130 relinquipossunt,
729 3035 827 3102 cu'm
845 3021 947 3103 cutis
977 3021 1063 3127 ipsa
1081 3047 1166 3124 non
1183 3015 1371 3130 afficitur,
1501 3041 1502 3046 ‘

329 3143 411 3238 nisi
429 3156 533 3239 forte
551 3159 597 3238 in
615 3186 699 3239 una
717 3180 788 3240 aut
812 3159 934 3240 altera
951 3159 1127 3265 pustula,
1153 3157 1199 3238 in
1218 3157 1368 3266 quibus

327 3287 484 3418 ‘humor
503 3295 631 3377 acrior
644 3293 775 3378 factus
794 3297 1051 3378 ulcusculum
1066 3296 1306 3377 excitaverit

328 3435 331 3440 ’
386 3433 458 3513 Per
477 3453 613 3548 totum
626 3433 763 3514 morbi
782 3431 959 3540 spatium
977 3431 1186 3514 interdum
1205 3433 1274 3512 vix
1287 3431 1368 3513 ulla

189 3602 196 3612 ·
231 3589 234 3594 ’
327 3569 590 3654 incommoda
605 3569 700 3678 aegri
720 3572 945 3680 patiuntur,
961 3571 994 3652 si
1008 3570 1179 3676 excipias
1199 3571 1367 3677 languo-

327 3733 415 3788 rem
430 3708 638 3814 quendam
652 3707 805 3788 virium
819 3731 858 3789 et
873 3709 1120 3808 animorum,
1139 3727 1179 3786 et
1196 3707 1279 3788 cibi
1297 3734 1366 3788 cu·

327 3843 538 3952 piditatem
550 3845 766 3947 minorem,
780 3873 1055 3953 somnumque
1067 3844 1205 3948 miuus¹
1218 3845 1364 3942 altum3

320 3957 417 4093 ¹quae
437 3987 576 4066 omnia
594 4013 743 4090 magna
762 4011 809 4064 ex
828 4005 938 4091 parte
964 3983 1164 4065 debentur
1183 4008 1364 4064 commo·

324 4123 471 4206 rationi
490 4123 535 4204 in
554 4123 753 4216 cubiculo

377 4263 460 4344 Hic
473 4261 641 4344 morbus
654 4257 927 4354 mihividetur
938 4282 1101 4364 prorsus
1115 4252 1359 4368 aliusa'vari-

226 4445 229 4451 v
321 4399 394 4482 olis
409 4401 524 4482 veris.
584 4397 674 4511 Qui
689 4395 859 4481 variolas
870 4394 976 4504 passi
988 4416 1098 4494 sunt,
1116 4393 1358 4478 huictamen
