2990 5078
303 618 456 726 quibus
472 615 654 724 profecto
669 638 775 720 aetas,
790 639 861 698 aut
876 615 1097 700 morbus
1058 639 1163 700 vires
1178 613 1278 700 adeo
1291 643 1351 701 at

300 756 427 856 trivit,
446 755 641 884 laesitque,
669 775 718 834 ut
736 781 847 834 mors
867 754 981 878 brevi
1003 756 1316 838 subsecutura
1286 781 1365 860 sit,

299 892 539 993 nimiamne,
560 919 613 972 an
630 883 699 972 vix
717 893 845 972 ullam
864 875 1030 973 urinam
1049 921 1146 1000 aegrr
1133 895 1348 978 reddant.

251 1139 253 1146 J
300 1029 390 1144 Qui
409 1029 521 1112 enim
539 1016 712 1110 morbus
730 1029 1022 1136 aliquantisper
1039 1031 1192 1112 dubius
1211 1031 1351 1136 fuerit,

298 1187 429 1273 potest
447 1166 613 1248 tandem
632 1192 674 1246 re
694 1165 863 1246 levicula
882 1165 1036 1273 impelli
1056 1189 1104 1247 ut
1122 1169 1200 1249 sub
1221 1170 1350 1276 specis

298 1303 482 1404 diabetis,
509 1303 644 1412 potius
670 1331 797 1410 quarn
815 1303 1027 1412 hydropis,
1057 1306 1209 1387 aliusve
1227 1305 1345 1388 affec-

297 1463 378 1541 tus,
394 1441 609 1524 hominem
638 1442 773 1522 tollat:
803 1469 937 1546 neque
957 1469 1078 1548 porro
1098 1443 1184 1526 siis
1213 1459 1348 1551 posset'

298 1578 443 1678 sanari,
462 1579 660 1660 continuo
676 1603 778 1682 aeger
798 1555 1100 1660 convalesceret.
1185 1553 1191 1564 ¹

354 1709 536 1828 Quodsi
554 1717 734 1798 diabetes
755 1743 841 1796 non
859 1715 983 1796 fuerit
1012 1744 1161 1798 renum
1181 1717 1345 1819 vitium,

297 1853 366 1935 sed
378 1853 580 1936 indicium
595 1854 729 1960 potius
742 1853 878 1934 morbi
890 1853 1082 1935 haerentis
1095 1855 1139 1934 in
1151 1879 1263 1964 parte
1275 1857 1345 1938 ali·

296 2019 381 2099 qua
399 1991 451 2072 ad
466 1991 594 2072 vitam
611 1990 842 2110 necessaria,
861 1990 1102 2098 praesidium
1117 1993 1344 2100 petendum

185 2226 188 2238 1
295 2129 371 2234 erit
390 2127 538 2208 abillis
558 2127 875 2227 medicamentis,
894 2155 985 2234 quae
1001 2129 1148 2212 morbo
1167 2127 1345 2243 principi

295 2265 526 2362 medentur,
556 2293 641 2372 quo
660 2264 819 2346 sublato
838 2264 922 2370 ipse
943 2263 1119 2346 finietur.
1180 2267 1345 2380 Quam-

295 2401 439 2486 obrem
458 2430 604 2510 parum
623 2402 709 2508 opis
728 2429 810 2484 esse
835 2400 1064 2507 putaverim
1083 2401 1128 2480 in
1147 2404 1345 2506 alumine,

234 2639 237 2646 Ι
295 2515 367 2622 aut
385 2525 542 2621 cortice*
559 2538 796 2639 Peruvian0,
814 2559 884 2619 aut
904 2513 1019 2620 acido
1037 2537 1251 2642 viniolico,
1269 2567 1344 2625 aut

295 2705 402 2784 equa
432 2671 652 2775 Bristolica,
681 2696 752 2756 aut
780 2703 886 2780 aqua
914 2674 1046 2774 calcis,
1078 2696 1150 2758 aut
1178 2679 1343 2760 vomitu

293 2812 512 2938 frequenti,
533 2835 603 2926 aut
614 2812 785 2893 omnino
805 2811 890 2892 aliis
908 2812 1122 2934 quibusvis
1138 2814 1343 2916 remediis,

295 2976 390 3059 quae
411 2929 564 3032 habent
581 2949 813 3032 facultatem
834 2925 1027 3029 firmandi
1042 2977 1168 3050 renes,
1183 2950 1339 3102 quibus

293 3089 422 3170 robur
440 3117 564 3174 suum
584 3085 752 3170 deficere
771 3085 1036 3168 existimatur.

620 3261 1090 3342 mazza-,¹

716 3461 824 3539 Cre.
846 3459 932 3554 rt„

478 3621 541 3700 De
560 3621 788 3736 Diarrhoeo,
813 3622 891 3702 sive
913 3619 1016 3700 Alos
1030 3617 1141 3727 serso,
1253 3623 1260 3636 '

345 3775 497 3866 Auvus
519 3780 610 3862 fusa
629 3782 759 3864 oritur
778 3808 827 3862 ex
845 3780 965 3860 variis
997 3779 1139 3880 causis,
1159 3779 1341 3888 quarum

289 3917 491 4028 pleraeque
509 3942 654 4000 vacant
684 3919 876 4026 periculo,
901 3939 942 4000 et
964 3939 1124 4024 promte
1154 3945 1340 4000 summo·

289 4080 447 4138 rentur.
507 4055 719 4146 lnterdum
748 4055 959 4162 inducitur
978 4055 1030 4138 ab
1061 4053 1129 4136 illa
1157 4058 1339 4162 corporis

227 4207 234 4218 '
286 4193 490 4296 facultate,
518 4193 615 4303 quae'
629 4193 787 4302 ubique
810 4214 955 4302 praesto
974 4215 1046 4294 est,
1075 4215 1115 4274 et
1135 4192 1339 4302 quicquid

288 4355 408 4418 nocet
434 4354 606 4418 conatur
636 4333 839 4442 expellere.
897 4333 994 4414 Non
1023 4332 1160 4414 solum
1186 4330 1269 4415 cibi
1297 4351 1339 4413 et
