3104 5084
794 433 899 536 soa
964 375 967 382 ’

183 753 190 764 ,
321 641 594 747 arthritidem,
612 667 704 756 quae
725 671 828 756 saepe
845 614 980 756 gig¹nit
993 642 1234 756 apoplectica
1246 644 1360 754 mals,

318 785 545 868 sonandam
564 783 794 872 remedium
811 807 898 866 non
915 811 1011 866 esse.

288 913 291 926 ’
373 923 423 1004 ln
438 921 552 1004 nulla
564 920 688 1028 hujus
707 919 847 1004 morbi
859 920 989 1029 specie
999 920 1358 1010 vomitumelicere

182 1107 189 1120 =
317 1079 477 1166 oportet
490 1076 561 1166 p'er
576 1057 855 1141 vehementius
870 1059 1219 1142 medicamentum
1234 1087 1357 1170 quam

239 1291 241 1296 ¹
316 1223 469 1306 aquam
479 1221 528 1280 ex
539 1196 690 1278 carduo
702 1193 933 1298 benedict03
962 1217 1085 1304 atque
1096 1195 1357 1282 haecmmso·

314 1335 406 1416 lum
424 1333 596 1444 expedit,
614 1359 712 1418 cum
729 1359 877 1416 nausea
891 1361 1049 1441 agrum
1066 1334 1232 1443 fatiget:
1260 1357 1356 1420 tune

314 1475 532 1581 enimejus
550 1467 747 1557 beneficio
760 1485 910 1556 nausea
922 1472 1179 1574 discutietur,
1191 1495 1233 1558 et
1245 1474 1357 1582 quio·

315 1611 420 1720 quid
456 1612 731 1705 ventriculum
768 1611 983 1718 mutabat,
1017 1611 1356 1700 summovebitur.

313 1749 667 1865 Medicamentum
676 1747 1283 1856 leniterpurgans,vel,ubihoc
1291 1749 1358 1832 do·

313 1887 449 1972 vorari
473 1911 560 1968 non
589 1905 733 1994 potest,
758 1885 916 1994 aliquid
934 1885 1122 1969 infusum
1139 1885 1186 1968 in
1220 1888 1358 1968 alvum

257 2113 258 2119 Ν
312 2023 493 2130 proderit
519 2023 711 2106 intestina
729 2023 1011 2144 exinaniendo,
1037 2023 1274 2132 pariterque
1292 2049 1359 2104 ex·

311 2159 485 2242 citando.
545 2159 846 2243 Medicamenta
861 2181 1005 2242 antem,
1019 2161 1245 2246 valentiora
1262 2179 1357 2242 sunt

313 2297 451 2380 aliena
516 2289 749 2405 Emplastra
781 2297 1027 2380 cantharidis
1065 2325 1186 2406 snper
1224 2317 1358 2406 capnt,

207 2513 212 2524 ,
315 2436 508 2541 scapulas,
527 2455 721 2543 artusque
739 2436 948 2536 resolutos,
966 2435 1217 2543 imponenda
1235 2457 1343 2520 sunt.
1479 2482 1484 2499 κ

368 2571 455 2652 Ubi
467 2559 634 2654 facultas
642 2567 863 2654 devorandi
875 2573 1058 2656 restituta
1068 2571 1163 2673 fuit,
1172 2574 1240 2656 vel
1251 2597 1357 2656 nun·

312 2701 1138 2824 quamamissa,opitulanturillaremedia,
1149 2712 1353 2826 quaevirss

286 2849 288 2854 ’
308 2841 519 2952 languenti
539 2847 698 2956 corpori
712 2832 896 2949 reddant,
914 2845 1032 2954 quale
1044 2867 1105 2930 est
1123 2847 1242 2955 quod
1256 2847 1355 2932 reci·

197 3023 201 3032 ·
308 2981 370 3091 pit
387 2981 465 3064 olei
483 2983 748 3082 cinnamomi,
777 2985 842 3066 vel
860 2983 1237 3093 caryophyllorum,
1263 3005 1356 3093 gut·

308 3141 395 3200 tam
408 3147 536 3202 unam
551 3149 647 3204 cum
659 3121 817 3204 tantillo
833 3121 1009 3204 sacchari
1023 3093 1176 3222 tritam,
1194 3121 1352 3204 decocti

307 3257 371 3338 vel
385 3257 512 3340 infusi
531 3257 688 3340 corticis
703 3259 916 3342 Pemviani
927 3257 1225 3366 sequiunciam,
1236 3257 1353 3366 spiti-

306 3415 373 3476 tus
385 3395 608 3478 lavendula
620 3395 1093 3503 compositidrachmam,
1104 3395 1353 3503 quodetiam

306 3531 559 3616 dandumest
568 3557 711 3641 quarta
721 3559 884 3642 quaque
896 3533 1007 3614 hora.
1037 3532 1234 3614 Moschus
1249 3559 1352 3641 qno·

305 3697 401 3776 que,
419 3691 458 3750 st
477 3670 591 3752 radix
606 3671 813 3754 valeriana
833 3670 1051 3780 sylvestris,
1068 3691 1109 3768 et
1126 3669 1352 3778 camphora

304 3807 536 3908 laudantur,
555 3829 754 3924 tanquam
772 3833 866 3917 quat
886 3806 1046 3915 proprie
1064 3791 1199 3889 nervis
1216 3806 1349 3890 amica
1380 3919 1382 3924 ,

185 4015 190 4024 .
304 3967 415 4046 sunt,
433 3973 615 4053 quorum
629 3967 765 4028 motus
785 3946 999 4052 languidos
1018 3944 1208 4046 excitant,
1225 3967 1268 4028 et
1285 3946 1349 4028 in·

303 4081 510 4165 ordinatos
530 4061 804 4169 moderantur.
864 4083 997 4165 Radix
1015 4083 1224 4166 valeriana
1245 4107 1349 4189 saepe

302 4217 396 4302 data
413 4237 474 4306 est
493 4219 578 4304 sine
597 4219 744 4328 quovis
774 4217 961 4304 evidente
979 4215 1145 4324 effectur
1166 4219 1349 4330 cognovi
