3104 5084
676 460 680 468 “
772 443 879 548 260

330 685 428 742 cum
447 657 649 768 adipsum
667 659 807 740 locum
820 657 1046 764 pertingere
1061 677 1284 765 nequeunt,
1301 653 1370 738 do-

322 823 404 878 nec
417 797 645 878 multorum
656 795 883 877 humorum
897 795 1012 902 copia
1027 794 1148 876 mista
1160 793 1314 876 fuerint
1327 819 1370 874 as

329 933 471 1014 diruta.
529 935 586 1016 At
605 931 735 1041 quan
755 932 926 1014 demum
945 911 1023 1012 inis
1048 931 1214 1012 restabit
1231 930 1374 1012 astris

323 1071 454 1178 gendi
472 1071 561 1154 ris?
590 1099 688 1152 cum
705 1069 1003 1152 medicamenta
1020 1068 1107 1175 ipsa
1124 1067 1299 1150 contrita
1316 1089 1374 1150 at·

331 1235 414 1316 que
442 1208 631 1316 imposita
650 1235 770 1315 super
789 1207 1083 1288 vulnusculum
1113 1207 1164 1288 ab
1183 1205 1374 1287 hirudine

331 1343 502 1446 factum,
532 1345 741 1452 sanguinis
771 1372 941 1426 cursum
969 1341 1105 1424 sistere
1130 1341 1200 1422 rix
1227 1343 1381 1424 valent·

332 1481 585 1567 Crediderim
596 1510 745 1590 parum
758 1481 898 1566 auxilii
910 1461 1268 1588 esseinsanguinis
1279 1479 1375 1560 mis·

332 1619 458 1720 sione,
472 1619 527 1702 ob
539 1621 712 1702 rationes
728 1619 806 1700 alio
821 1620 912 1702 loco
927 1615 1105 1700 allatas*.
1152 1617 1373 1724 Scrupulus

330 1757 522 1838 aluminis
536 1785 637 1866 saepe
648 1755 870 1838 tuto'datus
883 1753 1176 1864 fuitquotidie:
1203 1751 1375 1836 memini

328 1913 467 1979 tamen
478 1921 545 1975 me
557 1893 703 1976 vidisse
722 1893 1132 2002 quinquagenariam,
1148 1891 1212 1999 cuj
1218 1921 1266 1972 us
1277 1918 1374 1972 ven·

328 2011 403 2130 ter,
420 2051 461 2112 et
479 2031 690 2132 naturalia,
707 2053 757 2113 ut
771 2031 924 2131 audiri,
943 2029 1170 2114 admodum
1186 2028 1372 2110 intumu-

252 2219 255 2226 ι
327 2189 456 2267 erant,
474 2167 573 2250 adeo
591 2189 640 2249 ut
657 2168 806 2274 vagina
823 2166 907 2250 fere
926 2166 1209 2265 clauderetur3·
1231 2163 1369 2272 idque,

328 2325 377 2385 ut
394 2303 481 2411 ipsa
508 2305 801 2413 suspicabatur,
829 2327 1040 2411 propterea
1064 2302 1178 2411 quod
1196 2301 1249 2382 ad
1278 2327 1369 2382 san-

326 2443 497 2552 guinem
514 2445 725 2527 uterinum
744 2444 1032 2528 cohibendum
1052 2441 1366 2548 semiscrupulus

326 2581 518 2662 aluminis
534 2581 717 2689 quotidie
731 2603 891 2666 sumtus
906 2579 1058 2662 fuerat:
1084 2549 1220 2660 serius
1235 2577 1368 2658 forsit-

220 2769 225 2784 ·
326 2743 380 2797 an
395 2717 448 2798 ad
465 2717 676 2800 adversam
695 2747 812 2799 suam
834 2739 873 2800 et
893 2737 1201 2824 conquassatam
1217 2715 1368 2796 valetu-

265 2903 268 2910 ·
316 2839 480 2958 dinem,
500 2883 626 2963 quam
641 2856 693 2936 ad
712 2857 892 2955 alumen·
917 2875 1057 2936 tumor
1076 2873 1176 2934 esset
1194 2851 1366 2934 referen-

325 2989 416 3073 dus.
460 2992 638 3074 Cerussa
653 3015 812 3076 acetatae
827 3020 954 3100 grana
969 2967 1146 3100 quatuor
1160 2987 1366 3097 sanguinis

325 3127 476 3212 uterini
501 3128 782 3237 profusionem
801 3129 908 3211 intra
935 3151 1111 3237 quatuor
1136 3127 1256 3208 horas
1275 3155 1368 3234 sup·

326 3289 557 3372 presserunt
575 3267 618 3348 in
633 3266 820 3368 foemina,
840 3294 967 3374 quam
980 3267 1065 3372 ipse
1080 3286 1215 3372 postea
1229 3263 1368 3346 curavi

325 3401 451 3484 colica
469 3404 687 3486 Saturnina
706 3404 941 3486 vehemente
960 3433 1005 3484 ac
1028 3402 1224 3484 diuturna
1242 3397 1370 3484 afflie-

325 3560 427 3622 tamr
456 3562 619 3647 propter
639 3568 764 3650 quem
782 3540 1054 3624 certissimum
1073 3537 1234 3646 plumbi
1253 3535 1368 3620 effec-

325 3697 431 3778 tum,
447 3704 587 3759 omnes
600 3677 651 3759 ab
667 3678 751 3786 ejus
767 3707 846 3760 usu
858 3677 1073 3760 abhorrere
1088 3675 1250 3756 debent.
1298 3675 1373 3756 Al·

324 3813 624 3896 tesimenstruis
632 3815 770 3896 nimiis
780 3791 1371 3904 laborantidataefueranttinc·

323 3969 425 4030 turae
440 3951 667 4033 Saturninae
679 3973 804 4058 guttae
818 3951 997 4058 triginta,
1015 3977 1105 4058 quae
1118 3941 1215 4030 mox
1226 3949 1369 4030 eadem

286 4147 290 4158 .
324 4085 462 4191 colica,
490 4115 637 4171 verum
662 4089 832 4189 mitiori,
859 4089 1044 4196 torqueri
1070 4087 1208 4195 coepit,
1233 4109 1277 4170 et
1292 4085 1368 4170 diu

539 4400 558 4438 ⁸
570 4393 700 4460 Medinat
713 4397 931 4472 Transactions,
944 4397 1003 4461 vol.
1018 4397 1052 4460 ii.
1061 4415 1111 4476 qu.
1120 4400 1152 4456 4.
