3104 5084
620 521 623 530 ·
668 465 766 570 sol

194 677 296 760 male
309 676 466 760 habuit.
525 677 697 760 Inhaud
710 678 847 786 paucis
860 707 976 788 aquae
991 679 1236 790 chalybeatae

193 813 445 922 profluvium
457 839 673 898 auxerunt:
695 818 805 898 idem
815 801 999 900 fecerunt
1012 816 1128 900 flores
1142 821 1236 904 cha·

192 957 384 1057 memeli5
413 977 535 1062 atque
563 957 699 1057 etiam,
728 958 842 1065 quod
861 985 947 1039 non
974 958 1234 1065 putavissem,

191 1093 354 1176 inlecto
373 1093 668 1201 conquiescere.

243 1231 419 1312 Morbus
439 1231 535 1313 huic
555 1231 794 1331 contrarius,
814 1231 1014 1312 nimirum
1028 1234 1103 1315 ubi
1117 1261 1233 1316 men·
1304 1290 1309 1299 -

189 1391 298 1450 suna
318 1389 388 1450 aut
406 1369 587 1476 parciora
606 1392 714 1469 sunt,
742 1392 814 1450 aut
832 1397 880 1450 ex
899 1392 986 1451 toto
1005 1398 1230 1477 suppressa,

187 1504 355 1588 initium
373 1533 475 1613 saepe
489 1505 611 1587 habet
625 1535 673 1587 ex
688 1505 774 1586 aliis
789 1505 958 1605 morbis,
973 1533 1155 1612 quorum
1170 1535 1232 1590 re-

186 1641 321 1724 media
338 1641 436 1723 huic
455 1671 622 1750 quoque
641 1641 741 1723 vitio
767 1641 919 1748 optime
938 1641 1226 1725 medebuntur.

186 1779 345 1862 Verum
356 1779 431 1862 ubi
441 1781 553 1862 nulla
561 1781 638 1862 alia
649 1781 814 1862 adversa
825 1779 1014 1860 valetudo
1025 1801 1097 1880 est,
1105 1808 1233 1886 quam

185 1941 275 2022 quae
290 1943 341 1998 ex
355 1917 574 1999 menstruis
588 1915 636 1998 fit
648 1917 913 2026 parcioribus,
925 1939 996 1999 aut
1010 1917 1231 1998 subsisten-

143 2129 147 2136 .
184 2051 310 2155 tibus,
337 2053 397 2136 ibi
416 2077 601 2136 veterum
620 2055 876 2137 medicorum
897 2077 938 2136 et
956 2054 1229 2136 recentiorum

181 2191 425 2298 experientia
454 2193 641 2300 praecepit
660 2193 723 2274 uti
742 2191 1046 2275 medicamentis
1066 2191 1229 2274 acriori·

182 2327 258 2410 bus
268 2329 417 2411 amaris
429 2351 469 2411 et
479 2329 668 2431 aloiticis,
676 2357 856 2437 quorum
865 2329 1230 2453 compositionesin

182 2467 378 2548 omnibus
402 2467 615 2550 medicinae
635 2467 748 2548 libris
768 2465 1037 2574 reperiuntur.
1096 2458 1228 2548 Radix

181 2601 377 2686 hellebori
399 2603 509 2710 nigri
535 2603 771 2686 facultatem
795 2603 990 2686 movendi
1019 2625 1228 2684 menstrua

180 2739 258 2820 sibi
277 2739 515 2842 vindicavit,
543 2767 672 2850 quam
697 2763 835 2822 tamen
853 2741 968 2820 nullo
992 2741 1084 2822 satis
1104 2735 1229 2822 firmo

177 2897 424 2984 argumento
434 2905 531 2958 usus
546 2877 651 2958 mihi
663 2875 932 2960 confirmavit.
980 2877 1138 2958 Nullus
1154 2905 1226 2958 au·
1300 2867 1309 2884 '

179 3034 262 3128 tem
273 3014 435 3115 dubito,
444 3015 547 3124 quin
560 3011 678 3096 flores
690 3013 940 3096 chamaemeli
954 3013 1000 3094 in
1012 3013 1223 3098 nonnullis

176 3147 382 3252 -foemiuis,
401 3179 642 3259 quanquam
660 3145 882 3259 perpaucis,
900 3171 1108 3232 menstrua
1122 3149 1225 3232 ciere

178 3289 348 3370 valeant.
408 3288 571 3374 Etenim
587 3290 677 3396 plus
694 3289 816 3372 semel
827 3283 1055 3373 noriflores
1071 3287 1145 3370 hos
1160 3286 1224 3368 in·
1241 3265 1244 3274 Δ

177 3446 242 3506 tus
262 3427 378 3507 datos
396 3427 636 3532 sanguinem
649 3455 698 3508 ex
716 3449 846 3528 utero,
864 3437 1076 3533 utcunque
1091 3425 1223 3508 alieno

177 3583 371 3670 tempore,
400 3563 618 3662 certissime
637 3563 829 3646 elicuisse.
887 3563 1056 3646 Levatio
1075 3561 1223 3668 tepida,

178 3699 298 3805 pedes
318 3701 363 3780 in
378 3701 557 3808 tepidam
571 3700 750 3802 demissi,
763 3721 803 3782 et
817 3727 1069 3808 vaponaquae
1085 3697 1222 3780 calida

178 3837 435 3919 naturalibus
455 3859 641 3945 exceptus
657 3865 727 3944 per
738 3837 883 3918 horam
898 3835 1094 3946 quotidie,
1109 3859 1223 3914 men-

176 3993 307 4056 struas
327 3976 585 4082 purgationes
604 3974 797 4058 herentes
813 3974 1022 4058 interdum
1040 3969 1223 4078 expedie-

177 4132 296 4212 runt3
316 4113 476 4194 easdem
492 4107 1091 4221 quoquemovitelectrificatio.
1135 4109 1222 4190 Do-

178 4247 352 4344 „lendum
370 4273 508 4340 autem
526 4271 585 4340 est
613 4271 822 4338 menstrua
840 4247 968 4351 tarda,
994 4273 1126 4358 parca,
1153 4265 1226 4332 aut
1273 4241 1277 4250 ’
