3104 5084
681 509 784 616 '313

164 797 172 808 .
215 727 221 740 '
270 729 384 810 Tum
412 727 562 835 iuipse
587 727 808 814 accersione
832 726 972 834 pulsus
985 799 987 806 .
1001 749 1087 806 non
1118 723 1253 809 conci·

214 882 334 952 tatur.
910 887 914 897 '

181 1012 183 1022 '
261 1001 490 1102 Postremo,
508 1001 725 1086 nonnullos
744 998 927 1087 adoritur
945 1017 1037 1102 post
1067 997 1251 1104 primum

215 1138 350 1224 somni
365 1160 550 1246 temptem
581 1136 693 1248 quod
711 1137 755 1216 iu
770 1135 923 1218 morbis
943 1161 992 1216 ex
1010 1134 1251 1223 distentione
1292 1217 1294 1222 .
1401 1181 1406 1198 ›

215 1271 406 1380 frequens
427 1297 495 1355 est.

272 1413 367 1490 Non
385 1433 522 1491 temen
551 1407 892 1490 dissimulandum
921 1429 981 1494 est
1008 1433 1074 1494 me
1092 1435 1141 1488 ex
1165 1433 1252 1488 uno
1332 1429 1334 1434 ·

215 1569 339 1654 atque
350 1545 767 1653 alteroeudivissepus
779 1567 820 1630 et
831 1545 1072 1652 sanguinem
1080 1543 1254 1628 subinde

192 1665 195 1670 ⁵
216 1707 465 1766 exscreatum
480 1711 577 1785 esse,
604 1705 645 1764 et
663 1685 715 1764 ab
733 1683 819 1788 ipsa
836 1679 987 1762 doloris
1008 1681 1097 1762 tede
1115 1683 1252 1766 visum

217 1847 299 1902 esse
319 1818 528 1926 proficisci.
585 1822 708 1901 Porro
726 1847 774 1900 ex
789 1847 887 1918 unu,
906 1818 979 1925 qui
999 1817 1135 1902 subito
1154 1843 1252 1904 con-

175 1971 179 1976 ’
217 1956 329 2055 cidit,
346 1977 388 2038 et
400 1957 598 2044 extinctus
618 1977 689 2058 est,
701 1957 802 2038 odor
821 1957 1030 2064 pessimus,
1054 1976 1252 2064 tanquam

216 2120 267 2180 ex
281 2115 400 2199 rupte
419 2093 589 2192 vomica,
607 2093 827 2174 astantium
845 2119 958 2172 nares
976 2089 1156 2176 feriebat.

275 2231 407 2336 lncjso
439 2229 627 2312 cadavere
660 2229 852 2330 hominis,
888 2228 962 2344 qui
997 2227 1074 2308 hoc
1107 2229 1254 2314 morbo

220 2367 355 2448 subito
375 2367 556 2473 perierat,
578 2366 873 2473 expertissimus
894 2365 1143 2448 anatomicus
1162 2368 1255 2448 nul·
1359 2457 1362 2464 ,

186 2505 307 2595 ‚ium
326 2505 475 2586 vitium
493 2503 786 2612 deprehendere
815 2504 948 2610 potuit
967 2503 1010 2582 in
1033 2504 1165 2620 corde,
1184 2526 1254 2588 aut
1368 2571 1374 2582 .
1463 2529 1467 2538 ’

220 2641 455 2740 invalvulis,
467 2662 536 2722 aut
548 2639 592 2720 in
603 2641 768 2738 arteriis,
778 2639 940 2720 senisve
953 2639 1255 2747 ricinis,praetet

219 2778 363 2882 exigua
378 2779 609 2858 rudimenta
623 2803 732 2861 ossea
742 2777 787 2860 iu
798 2799 918 2860 aona.
976 2775 1118 2890 Neque
1133 2763 1254 2884 porro

220 2914 264 2997 in
283 2915 447 2994 cerebro
465 2915 548 2994 ulla
562 2893 698 2994 triorbi
716 2911 863 2996 indicia
883 2931 1036 3018 reperta
1051 2933 1156 2992 sunt.
1206 2915 1254 3002 Iu

219 3047 298 3132 hoc
317 3071 454 3130 autem
468 3049 647 3149 homine,
662 3050 766 3129 sicut
784 3048 827 3127 in
847 3047 931 3127 aliis
946 3047 1088 3128 endem
1107 3049 1256 3160 rnorb'o

220 3185 423 3293 peremtis,
441 3187 603 3292 sanguis
627 3211 697 3292 per
716 3185 892 3270 biduum
912 3185 1145 3271 triduumve
1165 3207 1255 3292 post

221 3345 396 3408 mortem
416 3323 587 3430 perstitit
605 3349 687 3402 esse
719 3319 885 3421 fluidus,
913 3347 1045 3428 neque
1063 3321 1107 3402 in
1127 3343 1255 3428 partes

221 3484 368 3540 crassas
403 3480 621 3573 tenuesque
654 3457 807 3538 divisus
845 3479 916 3556 est,
949 3482 1090 3540 verum
1125 3459 1256 3544 lentus

155 3661 162 3670 ,
220 3592 315 3694 fuit,
334 3617 528 3702 tanquam
542 3619 697 3678 cremor
716 3593 840 3674 lactis.
886 3593 997 3690 Hinc
1015 3593 1171 3682 ductum
1184 3615 1257 3701 est,

222 3754 270 3812 ut
288 3757 336 3812 ex
347 3759 449 3811 vens
465 3757 554 3838 quet
570 3733 691 3837 paulo
706 3753 798 3812 ante
809 3749 997 3830 mortem,
1012 3731 1073 3814 vei
1087 3729 1257 3818 forsitan

220 3869 342 3974 paulo
368 3889 572 3982 postesse
601 3888 735 3974 aperta
755 3888 839 3978 ⁸est,
866 3865 1029 3972 sanguis
1058 3890 1144 3946 non
1173 3891 1258 3947 oes-
1290 3941 1292 3952 Α

221 4005 367 4086 severit
385 4003 589 4110 distillare,
617 4003 818 4123 quamdiu
836 4001 1004 4087 cadaver
1031 4003 1113 4090 suit
1134 4003 1258 4094 inhu-

220 4163 395 4225 Mums

281 4277 407 4390 Quod
425 4276 568 4362 attinet
585 4273 636 4360 ad
651 4275 826 4358 remedia
853 4274 975 4384 hujus
994 4273 1174 4378 effectus,
1189 4305 1261 4384 pa·

221 4437 319 4506 tum
340 4435 419 4502 sut
433 4411 539 4504 nihil
565 4411 696 4500 habeo
714 4410 829 4544 quod
845 4413 1098 4530 precipiente
1124 4440 1260 4556 neque
1386 4511 1394 4524 ,
