2990 5078
54 621 57 628 ⁴
152 613 229 674 tem
246 591 365 672 illam·
377 588 440 672 sui
456 589 791 672 conservatricem
805 589 1068 672 valentiorem
1086 591 1188 695 fore,

147 753 184 812 et
196 728 388 838 epilepsia
402 755 569 836 quoque
579 709 721 818 'causas
737 729 938 838 promtius
954 751 1185 814 amomram

148 895 232 948 esse.
333 967 337 974 ‚

198 1003 328 1088 Radix
358 1003 570 1088 valerianae
600 979 802 1114 sylvestris
833 1005 1017 1112 primum
1044 1005 1185 1104 locum

143 1143 243 1226 inter
270 1142 472 1250 epilepsiae
492 1142 640 1224 auxilia
659 1141 733 1222 diu
747 1141 892 1242 tenuit,
916 1165 955 1224 et
973 1141 1181 1225 nonnullis

144 1281 324 1389 prodesse
343 1281 428 1360 visa
452 1301 538 1377 est3
568 1279 653 1360 aliis
672 1301 810 1360 tamen
828 1277 1030 1360 drachmae
1060 1279 1199 1388 quin·,

143 1419 279 1500 decim.
299 1418 345 1498 in
363 1417 543 1524 singulos
562 1415 646 1498 dies
666 1415 768 1498 datae
796 1415 966 1498 fuerunt
984 1445 1081 1498 cum
1099 1417 1183 1498 exi-

139 1584 232 1662 guo,
263 1577 337 1636 aut
353 1555 468 1636 nullo
486 1553 638 1636 fructu.
696 1553 876 1658 Podagra
895 1554 1178 1658 superveniens
1297 1543 1304 1553 ⁸

140 1693 238 1776 nihil
270 1693 326 1775 ad
358 1693 571 1774 sanitatem
602 1689 803 1790 contulit3
830 1717 964 1796 neque
996 1691 1179 1772 multum

140 1829 297 1914 laudare
313 1857 481 1938 possum
494 1811 708 1936 emplastra
723 1825 982 1928 cantharidis,
999 1847 1071 1928 aut
1081 1826 1176 1908 alias

140 1966 462 2066 exulcerationes,
479 1993 611 2074 neque
627 1965 871 2046 lavationem
884 1961 1092 2072 frigidam,
1103 1987 1178 2046 nec

139 2131 258 2212 aquas
269 2103 429 2186 ferreas.
469 2105 702 2210 Argentum
713 2101 859 2182 vivum
869 2122 910 2182 et
919 2099 1178 2199 extrinsecus,

119 2261 175 2352 et
187 2241 297 2323 intus
318 2239 553 2332 adhibitum
575 2261 659 2340 est;
689 2237 820 2348 quod,¹
838 2237 872 2320 si
886 2237 961 2356 uni
979 2263 1087 2344 aegro
1106 2235 1179 2319 ali·

140 2377 385 2484 quantulum
393 2376 681 2483 opitulabatur,
691 2374 804 2456 alteri
812 2395 916 2458 certe
924 2397 1009 2456 erat
1019 2373 1175 2457 inutile.

137 2517 226 2598 Duo
245 2513 446 2623 epileptici
465 2513 516 2596 ab
536 2513 651 2595 omni
670 2511 763 2594 cibo
783 2511 950 2594 animali
969 2511 1176 2593 abstinue-

137 2675 241 2754 runt,
258 2673 301 2734 et
321 2651 448 2732 sanati
466 2671 564 2732 sunt
573 2659 586 2732 ἰ
616 2649 757 2730 tertius
774 2649 915 2730 eadem
929 2647 1093 2729 vivendi
1112 2675 1176 2728 ra·

137 2785 242 2870 tione
260 2787 468 2868 incassum
489 2813 587 2867 usus
607 2807 677 2866 est.
734 2787 866 2892 Aquae
885 2784 931 2864 in
960 2811 1044 2892 qua
1061 2781 1176 2866 radix

137 2925 342 3007 valerianae
358 2923 521 3006 decocta
534 2945 594 3006 est
608 2923 737 3004 unciae
746 2923 939 3030 quinque
954 2947 1052 3030 cum
1066 2949 1176 3002 mos·
1253 2995 1254 3000 t

137 3058 199 3142 chi
211 3061 410 3144 drachma
423 3061 468 3142 in
483 3061 623 3141 alvum
637 3060 787 3142 infusae
803 3081 900 3140 sunt
917 3079 1058 3140 octava
1073 3085 1177 3164 qua-

136 3223 212 3305 que
224 3199 329 3282 hora
347 3225 417 3306 per
431 3221 511 3282 tres
525 3197 624 3298 dies,
642 3219 681 3278 et
696 3197 904 3278 restitutus
923 3217 983 3276 est
994 3193 1175 3302 epilepti-

135 3359 200 3416 cus
224 3337 300 3444 qui
329 3357 416 3418 toto
442 3335 520 3416 hoc
549 3335 677 3444 spatio
707 3331 790 3414 fere
819 3333 1014 3432 exanimis
1037 3331 1176 3438 jacue-

135 3494 205 3574 rat,
222 3474 305 3554 nisi
320 3473 434 3581 quod
453 3471 627 3554 subinde
638 3471 940 3553 convelleretur.
998 3469 1047 3548 In
1062 3489 1177 3550 aetate

133 3597 275 3716 puerili
294 3611 580 3694 membrorum
599 3609 860 3690 distentiones
873 3635 981 3715 saepe
1000 3605 1108 3688 fiunt
1127 3633 1176 3688 ex

134 3745 357 3848 lumbricis,
368 3749 537 3858 aliisque
548 3747 839 3828 intestinorum
850 3743 1177 3851 affectibus,qui·

134 3881 206 3966 bus
219 3885 693 3992 proindemedicamenta
703 3886 845 3964 leniter
854 3883 1068 3990 purgantis
1080 3907 1178 3963 aux-

133 4019 199 4102 ilio
210 4047 346 4128 erunt,
361 4047 400 4122 et
412 4051 576 4105 causam
587 4023 684 4102 mali
697 4021 906 4127 expellent.
964 4019 1077 4124 Alios
1094 4019 1176 4124 epi·

132 4157 294 4265 lepticos
315 4187 487 4269 purgare
503 4162 684 4242 alienum
702 4181 772 4240 est.
831 4157 881 4238 In
897 4153 1078 4263 quadam
1103 4183 1178 4261 pu-

132 4294 205 4380 ella
214 4299 457 4382 accessiones
473 4325 631 4408 semper
644 4320 790 4380 secutae
805 4317 905 4378 sunt
918 4295 998 4374 alui
1013 4292 1179 4376 solutio·

643 4464 669 4518 1.
