3104 5084
625 493 728 602 949

165 701 345 810 gentibus
358 693 567 783 doloribus
581 703 731 810 urgeri,
745 725 785 784 et
799 729 971 786 crescere
989 699 1091 814 (quo
1108 709 1200 816 qui-

166 840 252 920 dem
265 861 371 920 statu
382 841 532 920 multos
546 867 671 920 annos
685 866 917 948 permanere
928 864 1058 947 potest
1067 843 1201 949 'prius-

167 1001 285 1083 quam
297 977 576 1080 exulceretur),
588 977 882 1058 medicamenta
894 999 934 1060 et
944 979 1202 1086 extrinsecus,

124 1205 125 1210 Ν
165 1136 201 1194 et
224 1113 348 1214 intus,
375 1115 506 1195 multa
531 1115 711 1196 adhibita
740 1137 849 1216 sunt,
876 1138 925 1196 ut
953 1118 1109 1198 malum
1135 1107 1214 1201 coa¹

164 1251 360 1352 biberent,
386 1273 427 1332 et
445 1251 610 1332 tandem
630 1253 838 1332 solverent.
897 1254 1056 1334 Verum
1074 1255 1119 1336 in
1137 1255 1201 1338 his
1221 1363 1224 1370 ,
1263 1343 1265 1350 ,

165 1389 367 1488 omnibus,
393 1415 487 1470 meo
512 1387 683 1495 judicio,
711 1415 858 1495 parum
885 1409 956 1470 aut
981 1389 1085 1470 nihil
1113 1391 1201 1500 opis

164 1521 252 1626 fuit,
270 1527 335 1607 vel
354 1527 406 1608 ad
423 1525 616 1606 dolorem
626 1525 875 1626 leniendum,
893 1527 957 1608 vel
975 1525 1026 1606 ad
1045 1529 1203 1610 solven-

41 1723 42 1730 t
165 1662 261 1742 dum
285 1651 503 1746 rumorem.
562 1665 720 1744 Tamen
746 1663 791 1743 in
810 1691 907 1766 una,
927 1686 1049 1773 atque
1068 1665 1203 1769 altera,

158 1829 302 1886 succus
318 1804 459 1884 cicutae
472 1803 628 1910 aliquid
647 1800 859 1908 profecisse
870 1803 1118 1886 existimatus
1130 1827 1200 1886 est.

167 1938 289 2051 Quod
319 1939 352 2020 si
373 1940 642 2026 concedamus
667 1939 842 2020 cicutam
861 1939 925 2021 his
946 1941 1059 2048 aegris
1079 1941 1205 2022 inter·
1271 2023 1276 2032 ,

165 2053 263 2158 dum
277 2075 497 2184 profuisse;
527 2097 568 2158 at
587 2077 730 2184 procul
749 2075 879 2157 dubio
898 2105 1011 2184 spem
1026 2078 1203 2160 medico-

166 2239 256 2294 rum
281 2215 399 2296 toties
419 2213 574 2314 fefellit,
601 2235 651 2295 ut
676 2241 941 2321 nequaquam
967 2243 1096 2321 operae
1114 2243 1205 2324 pre-

165 2349 267 2430 tium
285 2349 412 2432 fuerit
430 2351 474 2430 in
489 2350 573 2457 ejus
594 2378 674 2432 usu
692 2351 767 2431 diu
781 2351 1000 2457 persistere,
1017 2375 1058 2432 et
1076 2352 1205 2436 sinete

165 2507 211 2568 ut
224 2489 406 2568 multum
418 2487 694 2592 pretiosissimi
712 2487 828 2568 istius
842 2488 1033 2594 temporis
1052 2488 1204 2576 frustra
1227 2497 1229 2502 ’

166 2623 290 2728 abeat,
319 2647 537 2732 postquam
555 2645 695 2707 tumor
723 2625 958 2732 spectaverit
976 2625 1028 2706 ad
1046 2628 1203 2708 exulce-
1333 2635 1338 2652 '

167 2764 374 2846 rationem.
432 2765 525 2844 Hoc
539 2761 650 2843 enim
662 2781 722 2842 est
737 2783 896 2868 tempus
912 2763 1205 2868 opportunissi-

165 2925 282 2980 mum
296 2899 350 2980 ad
365 2898 637 2981 excidendum
651 2899 913 2980 tuberculum
924 2898 1057 2979 adhuc
1072 2899 1206 2980 modi-

164 3063 272 3135 cum,
302 3037 416 3144 quod
442 3033 611 3142 proinde
641 3031 711 3116 fiet
731 3035 816 3116 sine
835 3035 968 3116 multo
986 3033 1137 3135 dolore,
1164 3057 1206 3116 et

167 3199 260 3254 cum
275 3200 425 3280 magna
440 3201 508 3281 spe
523 3175 673 3254 vulnus
687 3171 802 3254 facile
817 3171 985 3253 sanandi
1002 3205 1014 3272 3
1043 3199 1206 3279 praeser-

166 3310 241 3390 tim
259 3311 349 3412 ubi,
367 3339 548 3392 mamma
566 3309 754 3390 nondum
772 3311 948 3416 graviter
966 3305 1119 3412 affecta,
1137 3339 1206 3392 va-

166 3447 303 3528 letudo
331 3447 508 3554 corporis
542 3449 624 3546 vix,
652 3468 723 3528 aut
751 3473 803 3527 ne
836 3445 918 3546 vix,
946 3447 1038 3526 laesa
1068 3445 1203 3528 fuerit.

167 3583 250 3664 Ubi
262 3585 432 3665 morbus
442 3607 500 3666 est
512 3583 713 3682 sanabilis,
727 3582 806 3662 nisi
818 3610 884 3666 me
896 3582 1036 3664 omnia
1047 3583 1207 3684 fallunt,

168 3717 242 3802 hoc
270 3721 347 3803 erit
365 3721 724 3826 praesentissimum
754 3719 965 3800 auxilium.
1026 3719 1155 3831 Quod
1173 3719 1208 3804 si

167 3859 322 3939 malum
348 3858 455 3948 intra
483 3885 709 3940 mammam
729 3883 810 3938 sese
838 3883 925 3937 non
949 3855 1208 3954 continuerit,

168 4021 311 4074 verum
330 4017 438 4076 totus
459 3995 637 4102 corporis
653 3993 817 4075 habitus
833 3992 998 4091 affectus
1018 3993 1083 4092 sit,
1097 3991 1209 4074 haud

169 4149 305 4211 tamen
324 4131 562 4220 crediderim
593 4131 790 4212 morbum
809 4129 873 4212 vel
888 4129 1022 4228 citius,
1040 4129 1104 4209 vel
1126 4153 1209 4208 cer·

172 4271 265 4373 tius,
293 4269 356 4352 vel
377 4268 643 4376 majoratum
672 4267 810 4352 dolore
829 4267 875 4350 in
902 4287 1078 4350 mortem
1106 4261 1209 4346 desi-
