3104 5084
666 501 770 608 299

203 687 323 796 'tunt
352 733 455 819 pene
474 705 650 808 attoniti,
677 727 961 813 nocteaatque
988 703 1072 786 dieo
1100 694 1268 786 braehio

225 877 301 932 ruo
321 875 421 930 sano
438 846 543 928 nihil
562 843 673 927 aliud
692 865 875 952 egerunt,
904 869 1030 950 quam
1049 863 1174 924 vestes
1197 843 1267 922 de·

224 985 401 1088 trudere,
428 993 621 1092 otpertus
643 983 715 1064 tali
742 1007 862 1064 onere
881 983 1023 1063 levare.
1073 979 1122 1061 Si
1140 979 1271 1062 herni-
1320 965 1324 978 ’
1415 1083 1420 1092 .

224 1123 427 1230 plegiatus
459 1143 649 1203 monetur
681 1119 851 1227 experiri
880 1145 934 1198 an
960 1143 1134 1200 manum
1162 1143 1271 1198 reso·

227 1259 359 1342 lutam
386 1285 549 1341 movere
568 1257 718 1366 poseit3
747 1283 869 1338 nemo
888 1277 960 1354 est,
987 1255 1062 1361 qui
1080 1280 1166 1334 non
1184 1281 1272 1340 ma·

227 1425 333 1478 num
369 1419 579 1480 mortuam
616 1423 712 1476 sana
741 1421 870 1474 manu
902 1391 1098 1474 continuo
1131 1417 1272 1498 appre-

229 1510 394 1636 hendat,
413 1555 453 1616 et
467 1560 616 1641 susque
631 1533 764 1642 deque
778 1551 949 1612 moveat.
1006 1530 1167 1610 Verum
1181 1529 1274 1610 trit·
1380 1605 1384 1617 ,

117 1661 121 1666 ’
227 1671 386 1754 tissima
413 1669 537 1778 hujus
564 1669 701 1751 morbi
733 1667 853 1751 facies
881 1691 984 1792 tum„
1001 1665 1274 1766 demum'eat,

227 1833 328 1892 cum
347 1805 507 1888 viribus
535 1806 663 1888 animi
681 1827 722 1888 et
749 1804 927 1912 corporis
949 1803 1176 1884 admodum
1203 1801 1273 1884 de-

226 1943 410 2044 bilitatis,
436 1965 477 2025 et
496 1940 705 2026 affectibus
738 1941 822 2024 fere
842 1941 894 2023 ad
918 1939 1120 2022 insaniam
1147 1937 1274 2022 effra-

228 2077 306 2181 nie,
322 2078 450 2160 homo
469 2080 549 2163 eibi
563 2079 640 2188 ipsi
655 2079 772 2188 quasi
791 2077 977 2186 supersit,
995 2077 1046 2160 ad
1065 2103 1273 2191 summam

231 2215 438 2298 miseriam
467 2215 665 2319 redactus,
697 2217 731 2298 oi
762 2215 888 2298 modo
918 2243 1035 2297 auam
1062 2215 1275 2296 miseriam
1345 2233 1348 2242 “

230 2353 358 2454 norit;
378 2355 529 2464 quippe
541 2381 627 2436 non
635 2353 809 2462 amplius
821 2355 927 2435 valet
937 2375 1053 2454 stare,
1064 2375 1135 2434 aut
1146 2353 1276 2460 loqui,

233 2517 379 2572 verum
397 2491 535 2598 digitis
555 2490 692 2572 alienia
713 2491 855 2574 cibum
873 2490 992 2598 capit,
1020 2513 1059 2573 et
1078 2491 1218 2572 alvum
1235 2511 1276 2572 et

232 2627 399 2708 urinam
417 2629 503 2709 eine
521 2629 730 2710 voluntate
743 2627 889 2730 reddit,
907 2627 1010 2710 dum
1030 2655 1139 2710 mors
1152 2649 1276 2710 cessat
1312 2623 1315 2630 ’

236 2763 386 2866 venire,
414 2765 466 2846 ab
486 2765 678 2846 omnibus
698 2765 839 2872 aegroti
854 2765 992 2847 amicis
1011 2763 1206 2846 invocata.

289 2893 552 3010 Apoplectici,
581 2902 655 3012 qui
684 2929 807 3010 prope
836 2903 986 2984 absunt
1011 2931 1035 2982 a
1060 2923 1204 3002 morte,
1230 2899 1276 2982 in

233 3037 425 3152 epirando
444 3039 584 3122 ambae
603 3035 912 3142 buccas-inflare
931 3040 1075 3123 solent,

290 3173 493 3258 Credibile
522 3199 581 3258 est
609 3177 822 3284 plerosque
850 3177 1088 3287 paralyticos
1107 3199 1147 3258 et
1175 3197 1278 3258 atto-

187 3289 194 3300 ·
237 3311 358 3414 nitor,
386 3312 564 3422 corporis
583 3313 709 3421 ipsius
728 3314 898 3416 viribus,
925 3315 970 3396 in
989 3315 1168 3423 aliquam
1187 3341 1279 3423 par-

192 3519 194 3522 .
237 3470 323 3530 tem
342 3447 521 3532 sanitaris
537 3449 771 3532 restitutum
788 3451 863 3532 irie
891 3451 1002 3532 unde
1022 3451 1152 3534 oritur
1166 3451 1278 3536 haud

235 3585 452 3668 mediocria
480 3585 696 3670 difficultas
726 3588 952 3670 aestimandi
971 3615 1085 3672 veros
1114 3587 1279 3672 effectus

236 3723 590 3834 qualiumcunque
615 3725 904 3824 remediorum,
933 3727 1085 3836 quibua
1106 3719 1282 3834 'aegrotus'

236 3889 336 3942 usus
349 3863 421 3962 εἰη
450 3861 637 3945 donecea
651 3863 793 3946 crebro
809 3863 975 3972 repetita
988 3863 1164 3946 eundem
1177 3893 1282 3946 sem-

236 4025 307 4107 per
344 3999 501 4082 exitum
533 4001 765 4084 habuerint.
823 4003 1043 4085 Invadente
1076 4002 1283 4110 apoplexia

237 4155 310 4217 aut
337 4137 525 4246 paralysi,
557 4137 755 4222 continuo
788 4139 918 4222 laxare
952 4161 1110 4248 oportet
1140 4167 1281 4220 omnes

237 4268 333 4356 istas
353 4275 530 4357 vettium
557 4299 702 4384 partes,
730 4305 822 4388 quae
842 4279 994 4362 collum
1013 4277 1210 4384 cingunt;
1239 4275 1284 4358 id

237 4409 351 4496 enim
374 4437 679 4526 nonnunquam
706 4415 770 4513 hit
790 4415 946 4514 morbis
974 4415 1284 4498 advenientibus
