3104 5084
668 473 770 586 257

245 679 446 766 Credibile
461 693 521 764 eat
540 701 749 762 menstrua
766 679 812 760 in
826 679 1028 790 plerisque
1047 661 1231 768 flaminis

190 822 243 902 sic
269 845 506 920 exarescere,
533 839 582 900 ut
593 843 748 924 *neque
778 816 952 918 alantur,
981 847 1116 928 neque
1143 824 1233 930 gig-

189 980 336 1041 uantur
347 955 484 1066 quivis
499 953 683 1053 affectus,
695 953 771 1062 qui
781 953 992 1036 medicinae
1008 985 1128 1066 opem
1139 987 1231 1067 pos-

185 1098 324 1180 tulent.
382 1097 578 1177 Attamen
605 1091 797 1202 quaedam
824 1091 938 1174 haud
966 1121 1095 1202 pauca
1122 1097 1231 1180 mala

183 1237 458 1342 experiuntur,
466 1231 724 1329 dumnatura
732 1229 901 1312 molitur
909 1230 1014 1312 han‘c
1023 1231 1228 1340 insignem
1330 1216 1333 1226 ¹

183 1370 359 1480 corporis
377 1369 591 1450 muliebris
609 1365 893 1450 mutationem.
952 1369 1115 1450 Etenim
1135 1399 1228 1452 san·

181 1508 314 1614 guinis
326 1535 376 1589 ex
387 1529 503 1588 utero
516 1503 770 1613 profusiones
782 1503 919 1584 nimiae
935 1531 1022 1585 non
1032 1505 1111 1586 alio
1122 1527 1228 1588 tem-

180 1673 273 1754 pore
288 1645 419 1752 magis
438 1665 622 1726 exercent
627 1677 640 1745 ς
659 1665 712 1743 et,
726 1669 968 1750 quanquam
982 1669 1068 1724 non
1081 1645 1163 1724 sint
1176 1645 1224 1724 il·

179 1783 254 1865 lico
265 1782 643 1882 mortiferae,tamen
650 1806 808 1888 semper
817 1801 982 1882 terrent;
999 1781 1104 1888 quin
1111 1779 1224 1862 intu-

179 1921 311 2004 lerunt
319 1944 527 2004 tumorem
538 1917 814 2028 hydropicum
823 1943 1006 2018 crurum,
1017 1917 1223 2000 autabdo-

178 2058 313 2162 minis,
332 2081 404 2140 aut
434 2057 612 2164 corporis
632 2055 826 2155 universi,
852 2077 893 2136 et
911 2078 1222 2162 conquassatam

176 2195 448 2278 valetudinem
457 2229 469 2295 ς
498 2221 547 2276 ex
559 2191 711 2302 quibus
727 2193 844 2272 malis
860 2193 1047 2274 mulieres
1063 2223 1221 2302 semper

176 2303 289 2440 agre,
314 2333 527 2414 interdum
546 2357 765 2438 nunquam
790 2353 1016 2436 emergunt.
1074 2333 1220 2441 Neque

173 2496 260 2552 raro
276 2469 436 2571 accidit,
447 2491 495 2550 ut
508 2495 606 2550 cum
617 2467 680 2548 hie
696 2463 950 2574 profluvium
964 2467 1106 2550 album
1121 2497 1219 2550 con·

172 2607 292 2713 spiret
311 2607 365 2688 ad
376 2608 480 2688 vires
492 2603 794 2687 exhauriendas.
852 2603 1041 2710 Denique
1060 2627 1217 2690 tantam

170 2741 423 2826 debilitatem
439 2765 642 2841 veternus,
666 2763 861 2848 torpores,
888 2761 928 2820 et
952 2741 1216 2826 resolutiones

172 2903 313 2964 oecutae
326 2903 434 2962 sunt.
455 2878 727 2961 Distentiones
737 2903 905 2984 quoque
916 2879 1216 2982 membrorum,

123 3049 129 3060 ·
168 3038 207 3098 et
220 3017 314 3125 vagi
329 3017 487 3098 dolores
498 3016 576 3098 hoc
591 2991 852 3128 potissimum
863 3035 1044 3122 tempore
1055 3011 1222 3098 molesti

168 3179 248 3234 esse
267 3155 419 3256 solent3
448 3153 582 3234 nescio
597 3179 650 3232 an
664 3173 756 3232 tum
774 3149 974 3258 praecipue
989 3179 1086 3234 cum
1105 3154 1215 3234 mul·

167 3313 230 3372 tus
246 3291 412 3398 sanguis
427 3287 578 3372 effusus
590 3311 666 3370 est:
686 3315 784 3368 nam
795 3287 937 3369 eadem
947 3289 1055 3370 mala
1065 3317 1114 3370 ex
1125 3292 1212 3372 aliis
1237 3319 1242 3324 ·

166 3401 692 3536 sanguinisprofusionibus
706 3423 907 3508 oriuntur.
936 3425 1005 3508 Ad
1016 3425 1212 3536 haecsaepe

165 3565 362 3650 accedunt
376 3565 546 3673 vertigo,
564 3586 604 3646 et
622 3563 802 3672 spirandi
820 3562 1050 3670 difficultas,
1068 3589 1108 3650 et
1126 3590 1213 3650 tota

164 3704 307 3786 colrors
321 3681 866 3813 hystericorumaffeetuum.
906 3702 984 3786 Sed
995 3705 1108 3788 nulla
1122 3732 1212 3790 cor-

163 3841 271 3947 poris
291 3867 383 3948 pere
402 3837 532 3946 magis
562 3839 718 3920 laborat
735 3837 782 3920 in
799 3839 863 3941 iis,
891 3865 984 3949 quae
1004 3840 1209 3948 incipiunt

163 3975 250 4060 fieri
276 3979 436 4078 vetula,
463 4004 592 4086 quam
619 3975 824 4078 intestina,
852 4005 944 4086 quae
975 4000 1074 4060 tunc
1105 4007 1207 4090 eaepe
1283 4089 1289 4096 Ι

162 4113 406 4224 affliguntur
424 4113 649 4218 doloribus,
676 4141 838 4215 nausea,
855 4113 1033 4218 fastidio,
1051 4117 1209 4220 ardore,

159 4251 384 4356 inflatione,
410 4279 534 4338 seusu¹
549 4252 828 4364 plenitudinis,
854 4273 1050 4356 tenesmo,
1066 4279 1107 4342 et
1123 4257 1206 4345 hae-

678 4415 699 4474 s
