3104 5084
712 435 814 530 323

191 647 196 660 '
237 637 373 725 monis
394 639 457 720 vel
476 658 681 722 nascentes
700 637 903 740 discutiat,
917 639 980 722 vel
999 661 1110 724 sanet
1123 667 1275 747 suppu-

235 799 357 877 tatos,
385 777 448 857 vel
476 775 670 882 impediat
698 804 784 882 quo
814 777 952 858 minus
981 777 1079 858 novi
1107 777 1281 862 subnas-

231 937 389 1000 cantur.
449 913 734 1024 Quamobrem
754 913 799 994 in
820 913 898 995 hoc
918 915 1078 1015 morbo,
1105 915 1211 996 sicut
1228 915 1278 996 itt

231 1050 321 1132 eliis
340 1049 547 1150 omnibus,
567 1065 746 1156 quorum
765 1071 871 1132 certa
891 1051 1067 1136 remedia
1084 1051 1275 1132 nondum

233 1186 400 1270 inventa
416 1209 533 1286 sunt,
547 1211 651 1292 aeger
662 1208 874 1268 contentus
887 1214 969 1268 esse
981 1185 1100 1268 debet
1111 1187 1158 1268 iis
1175 1210 1276 1292 praee

232 1324 372 1432 ceptis,
392 1351 482 1432 quae
501 1324 660 1424 docent,
680 1325 809 1430 qualis
829 1325 920 1408 ritae
941 1324 1153 1430 rictusque
1172 1325 1275 1408 ratio

234 1462 429 1570 fugiendo
440 1461 506 1562 sit,
516 1461 932 1570 qualisquceligenda,
942 1484 990 1544 ut
1001 1463 1124 1582 totius
1135 1489 1277 1572 corpo·

235 1601 290 1683 ris
300 1599 523 1682 valetudini
532 1627 659 1706 quam
670 1599 823 1705 optime
832 1601 1076 1682 consulatur.
1107 1601 1276 1712 Quippe

236 1733 301 1820 his
317 1738 391 1820 rite
405 1737 615 1836 institutis,
628 1737 689 1818 vis
699 1737 768 1818 illa
783 1738 847 1818 sui
858 1737 1130 1818 conservatrix
1143 1737 1277 1818 omni-

238 1875 317 1956 bus
332 1873 607 1956 animantibus
619 1873 946 1956 innata-maxime
956 1873 1122 1980 vigebit,
1136 1895 1176 1958 et
1185 1871 1278 1980 pul-

237 2010 355 2092 moni
377 1999 577 2094 laboranti
606 2009 834 2092 stlicbsime
853 2009 1075 2092 subveniet
1134 2013 1277 2117 Neque

235 2149 358 2230 debet
371 2148 593 2256 quisquam
607 2147 814 2254 desperare
828 2147 878 2230 de
893 2149 1003 2230 bono
1022 2149 1145 2255 hujus
1161 2175 1276 2230 cura·

238 2284 360 2368 tionis
379 2285 502 2366 exitu.
545 2285 754 2366 'Mammae
784 2285 1018 2385 mulierum,
1037 2285 1202 2391 perinde
1231 2313 1276 2366 ac

236 2425 393 2530 pulmo,
422 2421 622 2532 glandulis
653 2422 779 2526 plenae
808 2443 917 2522 sunt,
948 2450 1081 2528 neque
1110 2422 1192 2504 scio
1222 2451 1276 2504 an

235 2559 392 2642 facilius
412 2581 616 2658 sanentur,
634 2557 708 2638 ubi
727 2558 986 2638 induruerint
1000 2559 1045 2638 in
1064 2559 1274 2640 tubercula

237 2696 461 2796 scirrhosa;
490 2719 669 2776 attamen
687 2695 785 2794 hac,
803 2693 908 2775 nihil
932 2722 1017 2776 non
1034 2697 1137 2776 mali¹
1152 2695 1275 2778 minis

238 2835 379 2934 tanda,
411 2834 510 2934 vidi,
537 2834 675 2914 dolore
704 2833 854 2913 sensim
882 2833 1090 2940 mitigato,
1106 2833 1277 2928 tandem

238 2972 533 3078 conquiescere,
547 2993 617 3052 aut
636 2971 758 3050 etiam
773 2970 932 3076 penitus
951 2971 1119 3071 discuti;
1148 2994 1188 3054 et
1206 2945 1278 3078 per
1375 2991 1378 3000 ⁴

237 3109 342 3190 'vires
361 3109 537 3215 corporis
560 3107 774 3206 naturales,
793 3107 1032 3215 victumque
1048 3111 1275 3208 salutarem,

239 3245 408 3358 morbus
421 3246 483 3325 vel
496 3243 684 3324 funditus
698 3243 880 3324 sublatus
891 3243 986 3344 fuit,
1005 3245 1068 3326 vel
1088 3244 1201 3326 omni
1215 3243 1275 3325 fa-

239 3382 385 3462 cultate
398 3381 574 3462 nocendi
587 3381 791 3488 spoliatus.
834 3379 949 3460 idem
965 3381 1275 3487 obtinerepnsse
1400 3363 1402 3368 ⁵

240 3521 286 3598 in
304 3517 509 3626 pulmonis
533 3541 701 3624 quoque
716 3519 940 3598 tuberculis
965 3517 1171 3598 scirrhosis
1191 3519 1276 3599 reri

240 3655 562 3763 haudquaquam
573 3655 767 3736 dissimile
785 3675 855 3735 est.
914 3647 1076 3736 Etenim
1087 3655 1276 3736 nonnulli

234 3791 404 3898 juvenes
429 3817 563 3899 neque
582 3811 721 3898 pauca,
739 3817 812 3872 nec
831 3789 933 3872 levia
947 3789 1150 3896 phthiseos
1170 3791 1276 3870 indu

240 3927 301 4010 cia
318 3929 483 4036 experti,
510 3927 685 4010 restituti
702 3927 884 4025 fuerumt,
903 3947 944 4008 et
961 3927 1013 4006 ad
1029 3949 1284 4008 senectutem-

238 4067 462 4148 incolumes
492 4086 772 4173 pervenerunt.
833 4063 1020 4176 Quidam
1048 4064 1276 4146 adolescens

240 4203 415 4286 sedecim
442 4231 569 4288 annos
589 4225 708 4286 name
737 4227 807 4309 pet
825 4201 976 4282 multos
1004 4227 1160 4286 menses
1181 4227 1281 4284 ton÷

239 4337 414 4426 flictatus
426 4365 486 4428 est
498 4369 595 4427 cum
607 4340 760 4450 phthisi
779 4339 1005 4448 pulmonis;
1034 4361 1073 4420 et
1087 4367 1183 4420 cum
1188 4339 1204 4444 j
1277 4363 1282 4373 ·

726 4501 799 4558 ra
848 4537 849 4542 Ν
