3104 5084
798 489 900 590 956

300 703 444 784 'illum
482 729 568 788 non
615 720 707 781 ante
745 699 972 783 secundum
1017 701 1128 783 diem
1164 699 1365 786 invadere.

295 871 299 880 ·
326 838 553 952 Quandam
572 837 801 945 stranguria
817 837 965 919 ultimo
985 865 1140 946 semper
1167 839 1234 922 die
1251 867 1369 921 vexa·

324 977 406 1058 bat.
465 975 632 1090 Dolores
646 973 798 1078 capitis,
812 995 992 1075 artuum,
1001 961 1258 1078 lumborum,
1271 1005 1369 1058 ven-

262 1193 264 1198 .
326 1113 476 1212 triculi‚
503 1131 543 1192 et
561 1137 838 1191 mammarum
869 1103 978 1219 (quae
998 1111 1077 1194 hoc
1095 1134 1371 1220 temporetu·

324 1250 472 1362 ment),
508 1275 605 1330 cum
642 1274 802 1348 nausea,
834 1269 1029 1348 tenesmo,
1066 1270 1106 1330 et
1139 1221 1368 1358 omnigenis

276 1491 278 1494 v
324 1387 441 1468 malis
470 1383 694 1495 hystericis,
722 1385 938 1465 nonnullas
968 1380 1156 1468 mulieres
1185 1411 1369 1470 exercent

325 1549 397 1631 per
416 1543 553 1603 totum
572 1541 880 1602 menstruorum
899 1515 1071 1628 tempus.

381 1643 595 1740 Menstrua
613 1659 855 1766 plerumque
882 1647 988 1740 inter
1007 1659 1368 1768 quadragesimum

326 1819 367 1878 et
379 1795 770 1904 quinquagesimum
782 1823 939 1875 annum
954 1795 1157 1878 desinunt.
1206 1799 1256 1878 In
1271 1803 1370 1904 pau·

326 1936 382 2016 cis
403 1935 447 2014 id
465 1933 621 2014 factum
636 1953 695 2012 est
710 1955 801 2014 ante
820 1959 977 2040 annum
990 1933 1368 2040 quadragesimum

325 2069 372 2152 in
389 2099 473 2150 una
488 2095 582 2150 vero
598 2091 690 2150 ante
702 2069 983 2175 trigesimum
1012 2097 1145 2178 neque
1156 2071 1288 2152 exitus
1303 2071 1369 2152 hic

325 2207 634 2314 intempestivus
668 2207 854 2313 impediit
887 2235 972 2313 quo
1004 2207 1144 2288 minus
1180 2207 1369 2289 valetudo

327 2345 436 2426 bona
463 2365 564 2425 esset
593 2343 799 2450 usquead
832 2365 1090 2424 senectutem.
1120 2423 1123 2428 ,
1149 2346 1368 2424 Nonnulla

324 2501 586 2587 perrexerunt
600 2479 816 2560 menstruis
830 2481 994 2587 purgari
1006 2507 1136 2588 usque
1148 2480 1198 2560 ad
1210 2507 1370 2563 annum

328 2618 632 2723 sexagesimum.
679 2619 892 2698 Menstrua
906 2616 1011 2700 facta
1030 2594 1126 2700 sunt
1140 2617 1371 2700 inordinata

287 2863 290 2868 Ι
327 2755 454 2836 modo
487 2781 637 2861 paucos
675 2781 845 2856 menses,
872 2755 997 2835 modo
1035 2755 1191 2862 aliquot
1228 2783 1371 2854 annos,

328 2914 549 2999 antequam
586 2919 634 2972 ex
668 2913 754 2972 toto
792 2891 1008 2972 desierunt.
1067 2895 1210 2998 Atque
1247 2893 1371 2974 etiam

327 3052 546 3137 postquam
567 3029 876 3136 conquieverint
899 3051 978 3109 tres
998 3050 1069 3109 aut
1094 3049 1273 3136 quatuor
1301 3058 1372 3111 an-

328 3193 417 3267 nos,
431 3168 480 3248 de
500 3167 658 3273 integro
674 3163 798 3248 fluere
813 3187 1035 3273 coeperunt
1094 3167 1250 3271 Corpus
1267 3188 1371 3268 tum,

328 3331 425 3384 cum
445 3325 652 3384 menstrua
666 3325 809 3410 parant
827 3303 871 3382 in
886 3325 1128 3410 perpetuum
1144 3303 1271 3404 abire,
1285 3333 1371 3384 ma·

322 3440 457 3548 jorem
485 3441 530 3519 in
549 3440 723 3520 modum
752 3439 913 3522 videtur
941 3440 1134 3539 laborare,
1162 3461 1203 3522 et
1229 3441 1369 3523 minus
1462 3493 1464 3498 .

327 3577 433 3657 valet
447 3575 613 3658 morbos
629 3597 699 3658 aut
714 3599 863 3658 veteres
879 3576 1079 3677 cohibere,
1093 3599 1164 3658 aut
1176 3577 1370 3684 depellere

190 3765 194 3778 ·
238 3747 239 3750 ι
328 3739 482 3847 novos3
512 3740 587 3820 qur
573 3713 775 3820 proinde
794 3713 871 3794 hoc
890 3736 1071 3822 tempore
1090 3715 1291 3822 praecipue
1308 3715 1371 3796 in-

326 3871 582 3958 gravescunt,
593 3872 819 3959 curatuque
834 3848 1062 3933 difficillimi
1078 3871 1184 3931 sunt.
1228 3851 1389 3960 Itaque

213 3963 218 3974 ’
329 3987 521 4088 arthritis,
548 4009 588 4069 et
616 3987 766 4088 mania,
793 4009 834 4070 et
862 3986 965 4070 cutis
985 3985 1084 4069 vitia
1111 4015 1203 4096 quae
1222 3987 1298 4068 diu
1317 3989 1374 4070 la·'

327 4145 503 4225 ruerant,
528 4123 632 4205 hanc
651 4145 769 4206 nacta
787 4125 1051 4222 occasionem,
1071 4123 1120 4205 de
1140 4123 1369 4211 valetudine

321 4258 412 4369 jam
430 4257 596 4344 infirma
621 4259 737 4343 facile
765 4259 1038 4371 triumphant,
1064 4282 1104 4344 et
1132 4260 1302 4346 stabile*
1292 4287 1371 4344 un·

328 4397 489 4508 perium
509 4397 779 4484 constituunt.
