3050 5084
794 483 896 586 sle

196 693 200 714 ¹
315 727 403 783 sam
423 699 607 789 indicant
633 719 820 804 prostatae
840 696 1112 804 magnitudo,
1127 718 1167 778 et
1186 697 1365 799 durities,

313 837 446 944 digito
457 835 700 946 explorantis
716 835 808 916 satis
819 833 1055 915 manifestae.
1085 835 1367 916 Carcinomata

314 1003 483 1086 quoque
512 975 602 1074 alia,
633 972 686 1054 ad
717 973 800 1054 vias
831 972 960 1052 urinae
990 971 1245 1079 pertinentia,
1275 1002 1362 1054 eam

314 1113 485 1220 quidem
494 1139 623 1220 pauco
636 1109 832 1216 sanguine
846 1109 1001 1215 tingere
1010 1133 1200 1215 possupt3
1221 1138 1364 1192 verum

313 1247 468 1332 horum
486 1270 632 1329 natura
660 1275 746 1326 non
776 1245 946 1328 obscure
981 1247 1191 1353 apparebit
1209 1276 1258 1328 ex
1286 1245 1362 1330 hoc

313 1385 403 1494 ipso
414 1413 543 1493 pauco
563 1384 781 1490 sanguine3
811 1411 860 1464 ex
875 1385 1102 1466 constantia
1116 1385 1286 1485 doloris3
1313 1413 1359 1466 ex

313 1553 375 1626 eo,
403 1523 518 1632 quod
548 1549 622 1604 nec
652 1522 782 1621 dolor,
810 1547 883 1602 nec
917 1549 1050 1624 cruor,
1090 1545 1208 1604 motu
1224 1551 1358 1629 auge-

313 1683 407 1762 tur;
436 1689 484 1744 ex
504 1687 626 1740 muco
646 1661 750 1740 male
762 1659 906 1760 olente,
925 1661 989 1740 vel
1004 1659 1126 1760 sanie,
1150 1689 1241 1769 quae
1262 1687 1356 1741 cum

311 1797 433 1880 urina
451 1797 558 1899 exit,
587 1818 806 1904 postrem0,
834 1797 950 1904 quod
969 1797 1250 1878 desiderantur
1271 1823 1355 1879 om-

311 1963 383 2022 nes
402 1957 508 2016 notae
529 1963 621 2043 quae
637 1963 685 2018 ex
699 1935 852 2016 calculo
872 1933 960 2016 fieri
979 1959 1288 2030 consueverunt.

368 2073 543 2155 Lumbis
556 2073 833 2155 vehementius
849 2073 953 2173 ictis,
971 2059 1180 2153 interdum
1193 2073 1351 2179 sanguis

311 2211 515 2294 erenibus
529 2209 676 2310 fertum
705 2234 745 2292 et
757 2239 828 2318 par
840 2233 899 2292 est
914 2209 1071 2291 credere
1084 2209 1274 2292 arteriam
1286 2233 1352 2292 aut

311 2376 460 2432 venam
478 2349 524 2430 in
543 2349 709 2430 renibus
733 2371 803 2430 aut
823 2338 952 2430 vesica
971 2349 1109 2455 rumpi
1137 2377 1252 2456 posse
1271 2376 1351 2432 non

311 2487 445 2570 multo'
473 2485 625 2593 majore
644 2487 699 2587 vi,
732 2515 860 2596 quam
890 2515 992 2593 saepe
1023 2485 1071 2568 fit
1089 2486 1134 2566 in
1162 2487 1350 2587 naribus;

208 2699 213 2712 .
312 2651 555 2731 quanquam
583 2626 747 2705 nullum
775 2625 898 2731 hujus
928 2624 986 2706 rei
1005 2625 1238 2731 exemplum
1256 2623 1349 2704 vidi.

309 2759 488 2842 Memini
507 2783 644 2858 tamen
662 2762 725 2843 bis
745 2763 934 2863 evenisse,
962 2784 1010 2844 ut
1028 2790 1140 2843 venae
1161 2763 1225 2860 vel
1253 2783 1350 2844 arte·

309 2899 378 2982 ria
412 2898 457 2980 in
487 2898 652 2981 urethra
686 2923 827 3006 sponte
846 2929 918 2981 sua
949 2899 1210 3000 dehiscentes,
1238 2899 1349 2982 nullo

307 3037 456 3118 morbo
468 3060 540 3118 aut
558 3037 643 3118 ictu
661 3039 930 3139 antecedente,
950 3037 1192 3144 sanguinem
1211 3035 1349 3145 profu-

307 3172 455 3274 derint,
484 3174 569 3255 sine
589 3177 671 3256 ulla
699 3174 918 3281 cupiditate
936 3176 1064 3255 urinae
1086 3173 1243 3272 assidue
1265 3201 1348 3254 ma-

180 3349 185 3360 ·
307 3334 487 3392 nantem.
546 3313 594 3392 In
621 3313 744 3394 altero
763 3341 811 3394 ex
839 3313 901 3392 his
922 3313 1035 3431 agris
1056 3313 1220 3418 sanguis
1249 3339 1348 3420 saepe
1398 3411 1402 3418 ¹

307 3447 427 3532 rediit
460 3477 531 3556 per
559 3449 799 3550 biennium;
828 3449 978 3532 interea
1004 3451 1192 3531 valetudo
1221 3451 1347 3530 indies

194 3685 200 3694 ·
306 3588 576 3693 gravescebat,
595 3611 634 3670 et
649 3586 730 3670 fine
750 3587 917 3670 secundi
929 3589 1026 3669 anni
1045 3617 1155 3669 mors
1175 3589 1344 3670 accessit.

306 3725 528 3807 Concretus
560 3753 681 3822 cruor
707 3753 808 3834 saepe
836 3726 1032 3834 implebat
1059 3725 1282 3842 urephram,
1308 3747 1348 3808 et

305 3889 409 3969 agre
428 3864 709 3969 expellebatur.
778 3913 781 3922 ι
978 3953 980 3956 ,

360 3999 409 4080 In
437 3999 619 4107 pessimis
639 4001 813 4102 variolis,
839 4028 979 4082 omnes
999 4023 1154 4082 norunt
1184 3999 1352 4107 sangui,

302 4164 400 4218 nem
420 4165 521 4244 saepe
536 4139 715 4220 ubertim
730 4137 869 4240 fluere,
883 4167 980 4220 cum
999 4167 1047 4221 ex
1062 4139 1147 4221 aliis
1167 4139 1349 4251 corporis

303 4275 500 4387 partibus,
522 4298 613 4356 tum
634 4275 756 4358 etiam
774 4305 823 4359 ex
841 4275 917 4360 viis
937 4277 1078 4360 uririae.

358 4413 408 4496 In
419 4415 531 4506 libris
547 4415 803 4500 medicorum
817 4416 955 4500 multae
976 4417 1060 4500 alia
1073 4443 1200 4500 causa
1215 4415 1342 4500 urinae
1444 4455 1458 4490 ι
