3016 5076
650 431 718 538 29

158 637 300 722 bribur
315 649 634 746 peremptorum,
649 659 831 742 quorum
846 661 917 718 ora
930 632 1006 726 diu
1030 651 1216 752 contecta

159 775 321 856 fuerant
339 769 516 879 aphthio,
542 769 635 852 licet
653 771 818 852 nullum
831 788 972 854 earum
996 769 1215 878 vestigium

159 910 268 994 infra
288 908 424 990 fauces
445 905 692 1013 deprehendi
710 931 853 1015 posset.

203 1051 350 1130 Praeter
365 1041 536 1152 aphthas
549 1043 649 1144 illas,
660 1073 751 1152 quae
764 1045 808 1126 in'
822 1045 977 1128 morbis
990 1044 1117 1128 acutis
1133 1042 1216 1126 ori-

161 1207 306 1282 untur,
324 1181 400 1262 ubi
418 1179 776 1287 corporiehabitus
791 1205 851 1264 est
868 1180 1089 1282 infirmior3
1116 1181 1219 1262 dan-

162 1346 233 1406 tur
246 1319 371 1402 etiam
392 1317 649 1423 aliae,10ngas
670 1319 888 1420 vocaveris,
907 1347 998 1427 quae
1024 1347 1069 1402 or
1095 1319 1219 1400 inter·
1242 1365 1245 1371 ,

165 1459 272 1540 dum
302 1457 406 1536 male
424 1454 578 1536 habent
605 1457 758 1538 multoe
777 1483 864 1538 non
892 1457 1026 1538 solum
1046 1483 1219 1556 menses,

166 1595 237 1678 oed
256 1593 380 1687 eriam
406 1617 549 1691 annos,
577 1591 663 1674 eine
690 1591 816 1694 febre,
836 1615 907 1674 aut
926 1593 1004 1674 alio
1032 1592 1219 1699 graviore

168 1733 290 1813 malo.
345 1727 605 1834 ⁴Hujusmodi
620 1729 780 1836 aphthae
795 1752 1018 1814 consecute
1033 1751 1130 1810 sunt
1150 1755 1222 1836 pa-
1322 1818 1325 1824 ¹

170 1868 325 1977 ralyein
344 1864 476 1965 faciei,
488 1887 528 1948 et
546 1865 772 1948 triennium
784 1888 1033 1950 manserunt.
1091 1863 1221 1946 lndiae
1306 1855 1317 1868 ’

172 1983 432 2088 occidentaiis
459 2002 600 2102 incoiae
620 2004 829 2086 interdum
857 1987 995 2086 recum
1015 2022 1224 2111 reportant

173 2145 253 2226 hoc
277 2141 429 2224 vitium
446 2139 493 2222 in
510 2141 717 2246 Angliam
735 2170 784 2224 ex
812 2141 965 2249 quibus
979 2141 1106 2222 didici
1119 2139 1224 2222 illud

176 2281 222 2362 in
239 2277 325 2360 istis
338 2276 480 2358 insulis
496 2276 716 2384 aliquando
732 2278 819 2360 fieri
831 2277 1238 2385 frequentissimum„

180 2439 312 2498 ernon
323 2441 415 2498 raro
429 2413 609 2496 desinere
624 2415 669 2498 in
676 2417 821 2508 alvum
831 2415 982 2518 fusam,
995 2437 1067 2498 aut
1078 2413 1229 2524 dysen-

184 2553 337 2654 teriam,
356 2549 621 2634 mortiferam.
749 2596 751 2606 ·

509 2827 909 2852 m

622 2945 730 3026 Cur.
752 2951 790 3028 9.

542 3103 611 3186 De
632 3106 876 3190 Artlrritide.

242 3271 509 3352 Arrnrurrs
539 3263 683 3372 incipit
710 3295 735 3347 a
762 3266 901 3350 dolore
926 3269 1050 3376 primi
1076 3272 1235 3354 articuli

190 3403 342 3512 pollicis
371 3403 506 3513 pedis,
532 3401 606 3510 qui
634 3402 749 3483 brevi
784 3407 997 3490 oarurrime
1035 3412 1168 3512 rubet,
1195 3431 1235 3492 et

190 3542 310 3648 paulo
330 3562 422 3648 poet
440 3561 583 3621 tumet.
642 3539 911 3624 Vehemenria
933 3539 1057 3650 piimi
1084 3547 1235 3628 doloris

193 3683 282 3758 roro
297 3698 526 3792 perseverat
549 3676 657 3756 ultra
676 3699 855 3783 quatuor
872 3701 913 3760 et
926 3681 1074 3788 viginti
1092 3681 1236 3765 horas:
1277 3780 1281 3788 ,

193 3833 233 3894 at
250 3813 435 3895 cruciatu
446 3812 811 3929 nondumpenitus
824 3813 956 3918 finito,
967 3817 1083 3900 dolor
1095 3817 1237 3902 similit
1272 3855 1276 3860 ·

193 3949 256 4030 vel
283 3949 456 4030 eandem
490 3951 554 4030 vel
582 3951 703 4030 aliam
731 3955 889 4058 partem
915 3955 1028 4061 pedis
1057 3923 1241 4064 occupat,

194 4084 368 4167 totidem
386 4085 544 4167 circiter
559 4085 682 4167 horas
701 4088 935 4172 duraturus.
986 4091 1241 4200 Hujusmodi

196 4221 442 4304 accessiones·
456 4224 628 4305 redeunt
640 4225 704 4305 vel
723 4225 920 4332 quotidie,
938 4228 1002 4308 vel
1015 4251 1107 4335 port
1125 4227 1242 4326 duos,

198 4375 291 4458 tres,
311 4379 537 4465 quatuorve
556 4359 656 4462 dieo,
675 4361 800 4444 modo
819 4391 891 4470 per
908 4391 1090 4446 mensem
1108 4389 1243 4444 unum
