3050 5084
790 471 893 576 340

315 702 455 764 torum
474 681 624 764 auxilio
644 709 717 766 sua
735 705 879 792 sponte
897 682 1142 790 plerumque
1160 677 1366 764 recedunt.

314 817 364 898 In
389 818 571 926 quodam
591 845 717 928 puero
745 819 803 906 sic
821 817 978 921 affecto,
1006 819 1040 902 si
1068 819 1193 902 modo
1212 815 1369 925 digitus

318 953 458 1037 leviter
476 956 561 1038 cuti
579 955 896 1067 imprimeretur,
924 957 1121 1040 continuo
1136 955 1303 1063 sanguis
1322 981 1370 1037 ex

317 1091 422 1174 vasis
433 1092 578 1176 vicinis
597 1091 709 1199 exiit,
721 1117 761 1180 et
780 1094 996 1205 sugillatio,
1015 1093 1275 1204 tanquamin
1289 1095 1373 1178 col-

178 1217 182 1236 '
316 1227 414 1332 lisis,
431 1228 539 1316 facta
556 1236 627 1316 est.

371 1365 505 1450 Simul
520 1395 622 1456 cum
631 1367 696 1452 his
713 1369 882 1454 maculis
901 1368 988 1452 vidi
1003 1343 1183 1452 tumores
1198 1344 1244 1458 in
1257 1388 1373 1450 artu-

188 1505 192 1516 '
315 1501 394 1586 bus
410 1504 673 1590 inferioribus
688 1507 787 1590 oriri
800 1507 982 1615 ejusdem
996 1505 1140 1590 coloris
1153 1505 1369 1614 acreliqua

316 1640 436 1742 cutis,
463 1663 503 1725 et
522 1641 608 1726 sine
622 1643 775 1747 dolore,
801 1643 881 1726 nisi
899 1667 992 1726 tum
1012 1669 1112 1726 cum
1130 1641 1373 1724 membrum

317 1799 562 1862 moveretur.
593 1777 654 1862 Hi
668 1752 848 1900 tumores
864 1804 954 1888 post
968 1781 1109 1863 decem
1126 1779 1211 1862 dies
1231 1779 1373 1862 subse-

318 1915 470 1998 derunt
482 1949 493 2017 3
523 1937 565 1998 at
583 1938 687 2000 notae
707 1943 919 2026 purpureae
949 1945 1098 2030 paucos
1130 1917 1265 2002 adhuc
1285 1916 1372 1999 dies

321 2053 624 2161 superfuerunt.

375 2195 553 2274 Puerum
565 2191 877 2301 quinquennem
888 2192 1127 2299 hujusmodi
1139 2212 1371 2276 tumoreset

317 2329 478 2412 dolores
498 2331 668 2438 pessime
687 2325 932 2416 habuerunt.
991 2331 1106 2413 Penis
1126 2330 1226 2414 adeo
1259 2323 1372 2412 intu-v

320 2490 494 2570 muerat,
517 2491 565 2552 ut
583 2468 704 2552 urina
731 2497 834 2575 aegre
849 2467 964 2550 reddi
983 2489 1127 2577 posset.
1185 2467 1254 2550 Ad
1273 2466 1373 2568 haec,

322 2605 501 2690 tormina
519 2605 728 2690 interdum
742 2627 869 2707 erant,
887 2633 985 2687 cum
1000 2605 1174 2707 vomitu,
1192 2627 1232 2688 et
1247 2603 1372 2698 simul

323 2741 1373 2851 stercoralineiscruentisnotabantur,urinaquoque

324 2879 521 2986 sanguine
533 2879 798 2964 colorabatur.
840 2880 989 2962 Dolore
1003 2905 1123 2960 crura
1136 2899 1375 2985 occupante,

325 3045 429 3126 aeger
448 3043 533 3099 non
552 3039 708 3124 poterat
725 3015 897 3124 ingredi,
922 3007 1095 3098 etbrevi
1113 3037 1204 3124 poet
1221 3013 1373 3096 doloris

324 3182 530 3239 accessum
559 3181 679 3258 crura
708 3153 1010 3262 punctiunculis
1030 3152 1207 3236 cruentis
1227 3151 1372 3234 referta

324 3313 450 3375 erant.
508 3291 601 3376 Post
619 3289 934 3374 intermissiones
953 3316 1180 3397 paucorum
1197 3287 1375 3386 dierum,

102 3413 105 3421 ¹
186 3484 189 3488 ·
325 3450 519 3549 tumores,
559 3449 600 3511 et
636 3449 741 3510 notae
779 3445 955 3510 cruentae
991 3427 1138 3508 reverti
1175 3425 1369 3508 solebant.

325 3567 428 3650 Haec
442 3565 549 3646 mals
562 3565 637 3648 diu
651 3591 826 3672 puerum
839 3561 1077 3672 fatigabant.
1109 3561 1216 3678 Quae
1231 3562 1372 3646 alvum

327 3702 470 3786 leniter
481 3723 716 3803 moverunt,
734 3700 982 3784 videbantur
993 3698 1298 3808 aliquantulum
1305 3697 1374 3806 ju·

326 3866 433 3926 rare.
488 3841 544 3922 In·
570 3839 737 3922 decocto
771 3838 932 3922 corticis
965 3836 1180 3920 Perusiani
1211 3858 1374 3946 porum,

325 3998 398 4064 aut
416 3977 521 4060 nihil
538 3997 623 4060 erat
641 3974 792 4058 auxilii„

380 4117 430 4196 In
446 4114 629 4223 quodam
643 4109 902 4220 sexagenario
921 4109 1091 4212 femore,
1108 4131 1149 4194 et
1166 4136 1265 4194 mox
1282 4133 1372 4218 crp-

325 4279 384 4356 rs,
424 4251 491 4334 hic
529 4252 611 4334 illic
644 4248 1005 4360 purpurascebam,
1042 4271 1083 4332 et
1115 4247 1240 4332 simul
1271 4229 1393 4330 cutis

324 4389 467 4474 durior
480 4413 520 4473 et
531 4387 698 4474 crassior
713 4385 849 4492 fiebat,
867 4411 965 4476 cum
979 4412 1130 4496 magno
1145 4385 1283 4470 dolore
1297 4382 1367 4467 ubi
