2990 5078
650 495 747 606 117

173 725 263 804 quae
284 699 382 801 haec,
401 729 485 782 non
505 729 616 784 aecus
637 729 681 784 ac
701 701 777 784 alia
795 701 928 784 ulcera
942 701 1118 810 impura,
1129 731 1213 787 sor-

171 835 286 916 didas
301 859 342 918 et
356 839 637 919 semimortuas
650 859 779 945 partes
793 839 1084 939 consumendo,
1099 819 1213 922 sana-⁴¹

171 971 276 1054 tioni
295 1000 388 1080 apta
407 974 557 1058 reddat
617 979 783 1058 Horum
799 973 1122 1084 pulcherrimum
1140 1001 1213 1092 est,

172 1110 288 1216 quod
328 1111 468 1200 habet
488 1113 733 1222 hydrargyri
771 1112 937 1200 muriati
974 1113 1212 1196 drachmam

169 1273 301 1326 unam
316 1251 378 1328 vel
394 1247 493 1330 duas
509 1279 556 1330 ex
573 1279 686 1357 aquae
700 1279 810 1357 purae
826 1250 929 1342 libra
938 1285 948 1350 3
977 1233 1063 1362 quo
1083 1273 1212 1358 partes

168 1359 364 1468 scabiosa
392 1387 534 1492 saepius
562 1385 768 1476 madefieri
793 1387 953 1468 debent.
1013 1389 1213 1500 Unguen-

168 1543 263 1602 tum
276 1522 398 1604 calcis
419 1523 662 1632 hydrargyri
680 1525 779 1604 albae
797 1545 935 1604 tutum
955 1551 1120 1642 quoque
1139 1547 1211 1624 est,

171 1686 307 1771 neque
319 1659 581 1766 inelegans,et
592 1660 760 1766 singulis
771 1661 1215 1752 noctibusillinendufn·

170 1819 242 1876 esc
301 1796 514 1896 Nonnulli,
529 1797 603 1903 qui
617 1797 809 1902 languore
824 1795 1071 1896 animorum,
1086 1819 1125 1878 et
1139 1797 1213 1876 do-

171 1931 328 2013 loribus
350 1933 512 2032 ventris,
534 1954 574 2014 et
593 1931 718 2040 vagis,
738 1930 955 2031 conflictati
976 1955 1085 2035 sunt,
1104 1957 1213 2041 post-

113 2053 116 2060 ’
172 2081 303 2175 quam
321 2097 392 2174 per
419 2068 503 2151 haec
524 2071 816 2155 medicamenta
843 2071 1017 2166 scabiem
1036 2071 1213 2183 depulia-
1261 2069 1292 2156 ,’

171 2227 275 2304 seut,
293 2207 455 2312 culpam
474 2233 640 2288 omnem
659 2207 703 2286 in
717 2229 932 2313 argentum
952 2209 1096 2288 vivum
1115 2235 1212 2290 con·

59 2389 64 2405 ·
173 2343 367 2428 tulerunt
427 2342 534 2423 Cum
553 2371 648 2424 vero
667 2344 854 2450 perpauci
873 2371 1017 2426 eorum
1044 2345 1118 2452 qui
1136 2345 1212 2427 hac
1267 2367 1270 2370 ’

173 2479 364 2560 medendi
384 2479 536 2568 ratione
553 2479 615 2560 usi
635 2501 744 2578 sunt,
763 2480 806 2559 in
826 2479 972 2575 similia
987 2483 1092 2562 mala
1110 2481 1212 2570 inci-

174 2615 326 2714 derint;
356 2643 533 2724 cumque
553 2616 638 2696 aliis
669 2615 719 2696 de
742 2615 877 2714 causis·
897 2617 1016 2726 longe
1036 2617 1125 2722 plus
1150 2644 1241 2698 arn

177 2751 287 2856 genti
317 2751 400 2832 vivi
428 2751 587 2858 corpori
616 2752 830 2846 admotum
859 2752 983 2842 fuerit
1015 2735 1211 2860 impune}

172 2887 263 2994 jure
282 2889 372 2970 licet
385 2888 576 2996 suspicari
591 2889 802 3012 languoree
814 2909 853 2978 et
868 2889 1024 2972 dolores
1037 2889 1087 2971 ad
1107 2889 1223 2974 mer?

179 3024 341 3107 curialia
360 3025 537 3106 remedia
556 3051 639 3104 non
659 3026 865 3132 pertinere,

231 3161 363 3241 Radix
381 3161 574 3242 hellebori
586 3161 667 3242 albi
683 3189 766 3242 non
781 3161 975 3244 infimum
990 3161 1127 3242 locum
1139 3162 1212 3242 ob-

176 3296 301 3379 tinuit
319 3295 370 3377 ad
390 3287 610 3378 sanandam
629 3295 817 3398 scabiem,
836 3325 933 3378 cum
952 3295 1121 3378 inodora
1140 3319 1213 3398 est,

176 3457 215 3516 et
240 3436 355 3516 omni
374 3457 488 3517 vacat
512 3435 703 3540 periculo,
727 3459 767 3516 et
788 3437 835 3514 in
855 3435 1055 3541 plerisque
1074 3433 1226 3516 efficax·

175 3595 244 3656 eat.
303 3573 602 3653 Medicamenta
620 3601 667 3654 ex
685 3572 753 3652 illa
765 3569 870 3652 facta
889 3571 988 3654 adeo
1007 3571 1112 3654 acria
1130 3599 1213 3654 esso

176 3711 340 3810 debent,
357 3731 405 3792 ut
423 3709 553 3790 levem
567 3710 739 3791 excitent
757 3707 953 3810 dolorem,
971 3730 1011 3790 et
1026 3737 1111 3788 non
1125 3737 1215 3790 mo-

175 3869 296 3944 veant
313 3845 691 3928 inflammationem.
748 3845 816 3926 Ad
839 3840 950 3928 hunc
970 3843 1109 3946 finem,
1131 3873 1216 3961 una

148 3989 155 3994 “
178 4013 266 4094 pars
288 3985 431 4066 radicis
460 3985 505 4064 in
524 3985 732 4090 pulverem
760 3983 867 4066 tritae
888 4010 986 4064 cum
1012 3981 1215 4090 unguenti

179 4121 360 4228 partibus
380 4143 471 4204 octo
490 4119 692 4202 miscetur.
751 4121 845 4200 Hoc
864 4141 1001 4200 autem
1025 4143 1215 4222 unguen-

180 4277 270 4340 tum
299 4257 456 4358 eodem,
485 4285 570 4365 quo
600 4277 860 4362 unguentum
883 4243 1062 4355 sulfuris,
1089 4251 1215 4332 modo

182 4393 460 4488 adhibendum
474 4415 558 4512 eat.
617 4395 740 4511 Juvat
758 4391 881 4510 eriam
908 4413 1039 4502 partes
1058 4387 1216 4474 affectas
