3016 5076
643 481 707 583 61

150 696 227 778 huc
258 693 420 794 morbo,
449 691 641 800 podagra,
670 722 764 802 quae
784 693 830 774 in
849 695 935 776 aliis
955 695 1043 776 vim
1062 697 1199 778 morbi

151 833 312 934 levavit,
335 833 381 912 in
396 829 481 912 aliis
496 832 615 912 illum
630 829 805 932 induxit,
825 834 888 912 vel
904 855 1008 914 certe
1023 862 1108 914 non
1123 836 1202 916 im·

153 969 281 1080 pediit
311 996 397 1076 quo
430 967 569 1050 minus
603 968 761 1050 asthma
785 969 981 1052 continuo
1005 973 1203 1079 exciperet
1253 1009 1256 1019 ·

153 1107 389 1216 podagram.
422 1105 622 1186 Fonticuli
634 1105 842 1188 interdum
853 1107 1116 1214 profuerunt;
1132 1137 1203 1190 sae-

155 1275 204 1354 pe
218 1243 391 1326 fuerunt
403 1243 653 1349 supervacui
697 1245 807 1350 Saepe
818 1245 997 1328 vomitus
1012 1248 1203 1354 spiritum

153 1381 411 1463 laborantem
424 1378 638 1486 expedivit.
697 1381 914 1487 Purgantia
929 1383 997 1462 vix
1010 1383 1203 1466 tentanda
1241 1458 1243 1463 .

156 1538 268 1618 sunt,
287 1537 429 1622 utpote
444 1515 646 1598 rarissime
661 1515 905 1624 adjuvantia.
963 1519 1091 1600 Haud
1105 1544 1204 1626 pau·

156 1655 212 1738 cis
232 1653 429 1762 opitulata
444 1673 504 1734 est
521 1652 686 1734 seminis
701 1654 882 1760 sinapeos
897 1656 1104 1736 semuncia
1123 1654 1205 1736 sin·

158 1792 267 1900 gulis
280 1789 436 1874 auroris
449 1811 594 1872 sumta.
625 1799 856 1897 Argentum
868 1793 1206 1899 quoquevirum,

158 1952 199 2012 et
229 1927 482 2028 cinnabaris,x
511 1924 667 2006 famam
696 1927 878 2034 aliquam
907 1929 1049 2036 adepta
1080 1953 1205 2032 sunt3

159 2064 310 2148 merito
339 2091 479 2164 necne,
507 2090 593 2144 non
617 2062 749 2144 habeo
768 2063 924 2165 dicere;
944 2063 994 2146 ¹at
1020 2067 1207 2150 inunctio

160 2223 268 2284 certe
286 2199 535 2282 mercurialis
561 2227 647 2280 non
666 2227 757 2281 raro
776 2201 979 2284 arcessivit
996 2201 1102 2285 hanc
1120 2231 1209 2312 pes·

161 2361 259 2422 tem.
317 2337 502 2418 Potionea
532 2337 783 2438 meraciores,
823 2365 996 2446 quaque
1024 2338 1131 2424 fiunt
1158 2369 1208 2424 ex
1303 2395 1304 2400 κ
1421 2399 1425 2410 ·

162 2473 296 2558 baccis
304 2471 463 2586 cauea,
472 2472 615 2555 fumus
624 2473 769 2574 abaci,
781 2475 936 2576 allium,
949 2477 1071 2560 scillae
1080 2478 1209 2581 radix,

164 2635 206 2694 et
233 2609 397 2718 gummi
426 2609 584 2712 foetida,
616 2609 914 2694 vehementiam
943 2613 1080 2696 morbi
1109 2615 1209 2698 deli·
1242 2695 1247 2706 ,
1327 2715 1330 2722 ,

167 2750 310 2848 niunt3
339 2747 548 2830 interdum
564 2775 730 2855 quoque
743 2749 905 2856 sanguis
919 2751 1087 2857 exiguus
1101 2754 1211 2835 utili·
1301 2823 1310 2832 .

167 2907 228 2970 ter
242 2883 482 2986 detrahitur,
503 2884 580 2966 ubi
594 2879 752 2966 asthma
766 2885 962 2992 majorem
976 2888 1021 2968 in
1036 2889 1210 2972 modum

168 3020 284 3123 furit,
301 3043 342 3104 et
357 3021 718 3128 strangulationem
731 3021 905 3105 intentat
914 3057 926 3126 3
945 3025 1101 3133 ubique
1116 3028 1211 3110 alias

170 3157 378 3266 sanguinis
392 3157 533 3240 missio
547 3180 677 3260 nocet,
696 3185 793 3240 cum
808 3159 910 3242 vires
926 3159 1099 3264 minuat,
1119 3191 1212 3271 pro-

171 3316 362 3404 peretque
373 3293 617 3404 hydropem,
635 3294 679 3375 in
692 3323 818 3402 quem
832 3297 989 3379 asthma
1004 3288 1214 3384 consuevit

171 3432 361 3514 desinere.
397 3431 610 3514 Interdum
624 3433 767 3540 opium
781 3455 840 3516 est
854 3435 1213 3542 prasentissimum

172 3567 294 3677 hujus
318 3569 455 3652 morbi
473 3568 715 3672 remedium,
742 3571 817 3654 ubi
836 3574 975 3654 omnia
993 3575 1070 3654 alia
1089 3603 1215 3683 aegro-

174 3727 265 3788 tum
277 3705 472 3788 frustrata
486 3729 592 3790 sunt.
646 3709 748 3790 Vidi
761 3704 1017 3794 asthmaticos
1034 3714 1215 3796 animam

175 3841 256 3926 fere
274 3867 450 3951 agentes,
478 3845 553 3952 qui
570 3873 650 3928 usu
667 3845 777 3928 docti
791 3847 869 3929 sibi
883 3849 979 3956 ipsis
999 3851 1217 3934 madeban-

176 4001 255 4082 tnr‚
283 3981 443 4082 sumtis,
474 3983 651 4066 secundo
673 3983 797 4086 exitu,
829 3985 992 4068 duobus
1012 3988 1075 4074 ¹vel
1094 3989 1217 4070 etiam

177 4116 307 4200 tribus
333 4118 417 4226 opii
438 4119 596 4225 granis,
629 4123 794 4227 qualem
821 4125 1014 4230 equidem
1043 4125 1217 4207 modum

180 4251 270 4338 date
300 4281 388 4338 nou
417 4285 537 4342 ausus
569 4285 707 4342 essem.
765 4259 940 4346 Asthma
961 4261 1141 4346 divisum
1159 4284 1219 4348 est
