2990 5078
567 455 575 474 ‘
634 480 731 575 sss
860 563 863 572 ,

137 715 247 776 ‘cnm
261 687 544 770 molestissima
562 687 771 794 prurigine
786 685 854 788 fit3
883 710 975 772 tum
994 692 1194 800 praecipue

147 847 321 932 occupat
339 851 501 924 manus,
518 843 559 903 et
577 825 788 924 articulos,
815 825 1027 908 interdum
1046 857 1193 938 corpus

145 963 230 1046 fere
259 963 500 1045 universum
529 961 701 1062 obsidet,
734 983 883 1068 praeter
910 961 1070 1067 faciem,
1099 995 1192 1074 quae

144 1127 379 1208 nunquam,
402 1098 465 1178 vel
484 1119 587 1180 certe
608 1097 822 1198 rarissime,
848 1101 942 1182 ullis
962 1100 1109 1184 scabiei
1127 1106 1192 1186 in-

145 1236 264 1317 diciis
281 1235 519 1316 maculatur.
577 1235 777 1316 Contactu
790 1233 857 1318 hic
869 1239 1039 1320 morbus
1051 1237 1194 1322 facilli-

143 1399 212 1454 me
227 1371 495 1454 contrahitur.
556 1372 765 1484 Quaedam
784 1393 843 1454 est
857 1375 980 1457 etiam
999 1375 1083 1482 ejus
1104 1379 1192 1482 spess

141 1511 235 1611 cies,
256 1537 349 1618 quae
365 1537 604 1618 quanquam
619 1509 663 1589 in
677 1509 765 1616 ipso
777 1536 943 1616 corpore
957 1539 1043 1592 non
1054 1513 1189 1620 genita

144 1647 208 1750 sit,
229 1646 302 1729 sed
321 1646 484 1728 aliunde
503 1645 680 1745 advecta,
706 1671 947 1754 quanquam
965 1671 1005 1730 et
1023 1677 1190 1730 consue-

143 1786 193 1870 tis
224 1785 416 1867 remediis
442 1785 577 1894 primo
610 1805 746 1866 sanata
773 1783 911 1886 fuerit,
940 1807 1078 1868 tamen
1104 1815 1193 1870 non

143 1945 279 2006 cessat
303 1923 433 2006 redire
462 1921 585 2005 semel
611 1922 674 2003 vel
703 1921 767 2004 bis
800 1923 1046 2030 quotannis:
1074 1925 1191 2036 atqui

143 2063 241 2144 alios
264 2081 366 2142 tunc
393 2085 480 2145 non
498 2055 642 2160 inficit,
660 2087 712 2142 ne
731 2059 901 2167 quidem
919 2061 1102 2169 ejusdem
1119 2091 1192 2146 cu·

143 2195 237 2284 bilis
255 2219 484 2298 consortes3
512 2217 553 2279 et
567 2196 766 2278 nescioan
780 2198 872 2278 ullis
885 2197 1190 2301 medicamentis

143 2335 265 2418 citius
279 2334 414 2442 fugari
432 2333 572 2441 possit,
590 2359 718 2440 quam
731 2359 856 2440 perse
874 2334 1018 2418 fuisset
1032 2334 1159 2420 finita.

197 2471 362 2556 Scabies
390 2471 540 2554 dicitur
573 2470 671 2552 oriri
700 2497 748 2550 ex
780 2473 1026 2574 vermiculis,
1053 2501 1188 2556 acaros

143 2631 308 2707 vocant,
335 2609 411 2718 qui
442 2609 520 2690 sub
551 2629 643 2690 cute
673 2627 802 2714 agunt
827 2609 1063 2711 cuniculos,
1077 2609 1189 2692 unde

144 2741 253 2830 fiunt
275 2745 443 2854 prurigo
467 2766 508 2828 et
528 2743 723 2826 vesicula.
782 2745 872 2826 Hos
891 2745 1084 2853 equidem
1101 2771 1191 2828 ver·

145 2883 320 2966 miculos
339 2905 557 2990 nunquam
571 2879 681 2980 vidi3
711 2879 781 2962 sed
799 2901 847 2962 ut
860 2907 997 2962 revera
1016 2881 1191 2984 subsint,
1246 2865 1251 2872 ’
1321 2893 1326 2904 ”

146 3045 169 3100 a
184 3019 287 3101 viris
306 3015 388 3100 fide
406 3017 541 3124 dignis
560 3015 706 3124 accepi,
726 3015 800 3124 qui
818 3043 885 3098 eos
901 3016 1098 3098 sevidisse
1113 3037 1190 3100 tes·

146 3156 217 3238 tati
236 3176 349 3238 sunt
407 3153 553 3236 Nescio
581 3175 718 3236 tamen
736 3153 847 3236 unde
866 3151 954 3236 fieri
977 3153 1123 3260 potuit,
1140 3173 1210 3236 ut·

146 3312 357 3374 accuratus
376 3291 442 3374 ills
456 3290 672 3398 explicator
685 3311 842 3371 naturae
861 3275 1064 3372 lohannes
1085 3265 1190 3372 Can-

147 3448 218 3510 ton
233 3428 390 3528 sedulo,
409 3427 479 3510 sed
489 3425 654 3528 frustra,
671 3426 760 3508 illos
774 3425 1045 3533 quaesivisset3
1075 3425 1191 3534 quod

138 3565 198 3650 ab
217 3565 309 3672 ipso
327 3559 489 3646 audivit
518 3586 559 3646 et
577 3563 748 3646 memini
766 3589 833 3644 me
861 3562 971 3644 idem
990 3561 1190 3648 audivisse
1229 3651 1236 3660 ,

148 3699 198 3784 ab
216 3699 402 3782 Henrico
427 3701 568 3801 Baker,
594 3700 669 3808 qui
687 3699 733 3780 in
751 3699 905 3786 utendo
923 3698 1191 3808 microscopio

150 3830 346 3942 excelluit,
375 3859 415 3920 et
437 3837 592 3920 librum
620 3836 670 3917 de
688 3865 737 3918 eo
765 3835 1014 3944 conscripsit,
1042 3837 1117 3942 qui
1146 3837 1193 3918 in

152 3977 341 4059 omnium
360 3975 552 4058 manibus
571 3996 641 4058 est.

202 4113 254 4192 In
284 4107 790 4223 quibusdamregionibus
817 4107 967 4191 scabies
991 4107 1194 4192 existima-

153 4263 218 4328 tur
237 4247 421 4331 salutaris
440 4275 536 4350 esse,
564 4269 604 4330 et
622 4247 792 4356 proinde
813 4273 938 4354 ocyus
958 4245 1089 4340 sanari
1108 4239 1195 4326 non

27 4392 33 4477 “;
151 4367 310 4470 bebere.
372 4385 501 4498 Quod
515 4383 686 4494 quidem
704 4383 803 4466 adeo
819 4383 1039 4466 ridiculum
1057 4403 1130 4486 est,
1146 4403 1196 4464 ut

644 4545 659 4600 r
684 4543 707 4598 a
