2990 5078
132 612 303 723 potiones
325 628 472 696 natura
486 637 559 697 sua
573 613 638 693 vel
657 610 772 718 copia
786 631 1009 718 peccantes,
1021 629 1170 694 erveo-

132 753 319 836 tricnlum
333 774 559 858 gravantes,
573 776 644 856 per
658 749 1075 848 alvumemittuntur3
1104 745 1174 828 sed

132 889 265 972 multis
280 905 448 996 quoque
467 889 640 970 aliarum
654 883 836 992 partium
855 885 918 966 vel
938 885 1062 966 totius
1082 911 1171 966 cor-

133 1027 233 1132 poris
253 1027 386 1126 malis,
404 1025 542 1133 qualia
556 1047 652 1106 sunt
671 1023 787 1104 initia
802 1021 984 1108 febrium
1002 1043 1042 1104 et
1056 1022 1178 1130 pesti·

132 1163 359 1264 lentiarum,
386 1164 432 1244 iu
450 1163 641 1244 intestina
659 1161 797 1261 versis,
827 1161 1006 1268 periculo
1027 1179 1179 1276 ⁴corpus

134 1303 397 1384 subtrahitur.

184 1441 263 1521 His
295 1438 514 1546 perpensis,
539 1429 692 1520 utiliter
726 1455 1002 1544 preceperunt
1032 1433 1181 1518 medici

133 1577 362 1658 cavendum
381 1603 464 1658 esse
482 1604 506 1656 a
524 1573 743 1656 co‘e'rcenda
761 1574 866 1673 alvo,
890 1601 981 1680 quae
1002 1594 1193 1654 recenter.

133 1743 177 1796 nc
193 1743 267 1800 sua
283 1735 427 1821 sponte
443 1709 629 1810 fluxerit3
659 1735 698 1792 et
717 1739 819 1817 saepe
834 1733 1019 1817 praestare
1033 1733 1081 1791 ut
1096 1737 1184 1794 ma·

134 1877 208 1934 nus
222 1851 369 1934 demus
382 1872 552 1950 naturae,
563 1869 603 1930 et
617 1847 921 1930 medicamentis
935 1875 1103 1954 quoque
1115 1847 1185 1932 de-

131 1988 326 2094 jectiones
354 1987 585 2086 moliamur».
645 1985 776 2091 Igitur
800 1985 916 2068 radix
946 1984 1186 2068 rhebarbari

135 2126 298 2208 meritas
319 2125 458 2206 laudes
484 2123 668 2205 obtinuit
686 2123 731 2204 in
750 2123 827 2204 hoc
856 2124 1014 2204 morbo.
1074 2123 1185 2203 Loco

135 2284 274 2344 autem
288 2263 539 2362 rltabarbari,
554 2290 639 2342 non
652 2289 742 2344 raro
757 2263 852 2345 dedi
866 2262 957 2344 salis
973 2262 1184 2371 purgantis

136 2399 352 2484 drachmas
367 2399 467 2480 duas
483 2401 545 2480 vel
565 2421 657 2499 tres,
676 2400 751 2505 qui
771 2398 876 2478 mihi
895 2399 1004 2480 visus
1023 2421 1085 2482 est
1099 2425 1189 2480 non-

139 2537 276 2619 minus
298 2537 497 2643 profuisse
517 2564 645 2643 quarn
664 2536 975 2639 rhabarbarum,
1003 2559 1043 2622 et
1061 2537 1188 2629 iuter-

138 2673 240 2754 dum
259 2672 388 2754 fuisse
406 2673 571 2772 utilior3
603 2663 754 2778 quippe
775 2701 900 2782 ocyus
929 2694 968 2754 et
987 2671 1195 2757 efficacius

140 2808 333 2891 humores
365 2829 553 2892 nocentes
583 2810 756 2916 expellit,
785 2833 824 2890 et
852 2809 1056 2890 minorem
1086 2837 1189 2892 naua·

142 2973 250 3028 seam
277 2969 428 3028 movet.
485 2947 680 3027 Vomitus
709 2946 910 3048 convenit,
937 2948 1011 3026 ubi
1040 2975 1189 3028 nausea

141 3085 312 3166 molesta
339 3107 399 3166 est
411 3119 423 3185 ς
454 3113 544 3191 quae
564 3084 597 3164 si
626 3084 737 3164 nulla
757 3085 821 3184 sit,
853 3085 886 3165 is
906 3085 981 3166 erit
1001 3111 1189 3190 supervo-⁴

142 3247 255 3302 cuns.
455 3312 460 3338 ¹
1074 3247 1078 3254 ·

141 3409 149 3420 ·
196 3359 420 3470 Postquam
437 3359 550 3438 alvus
567 3357 642 3440 rite
657 3379 827 3464 purgata
838 3357 932 3456 fuit,
948 3385 1190 3466 quanquam

142 3493 248 3576 nihil
267 3491 383 3602 quod
400 3517 595 3576 nocuerat
614 3517 745 3596 restet,
763 3495 954 3578 intestina
971 3519 1109 3578 tamen
1127 3497 1191 3580 in·
1209 3587 1212 3596 Δ

145 3629 266 3712 firma
285 3651 394 3738 saepe
405 3655 586 3732 manent,
601 3633 711 3714 unde
724 3631 831 3714 fiunt
842 3632 1086 3734 inflationes,
1100 3661 1192 3716 cru·

144 3765 263 3870 ditas,
292 3768 415 3850 ardor
447 3791 571 3876 atque
602 3798 695 3853 acor
721 3770 950 3872 ventriculi,
980 3793 1195 3879 metusque

146 3904 284 3987 morbi
302 3907 523 3988 reversuri.
582 3909 713 4008 Creta,
741 3931 865 4016 atque
882 3909 1014 4016 pulvis
1044 3937 1066 3990 e
1084 3907 1194 3990 testis

141 4043 337 4148 piscium,
373 4044 594 4126 emendant
625 4046 797 4154 quidem
830 4075 1015 4146 acoremp
1044 4046 1114 4129 sed
1151 4048 1197 4126 in

142 4175 211 4260 bis
226 4207 375 4288 perum
389 4183 529 4265 auxilii
540 4205 601 4265 est
618 4183 672 4264 ad
685 4183 827 4266 altum
841 4182 1103 4284 firmandam,
1121 4183 1196 4267 ubi

148 4319 319 4405 morbus
339 4341 399 4406 est
418 4321 539 4430 paulo
557 4322 734 4430 gravior,
752 4344 792 4406 et
810 4321 989 4406 remedia
1007 4320 1194 4430 postulae
1288 4407 1291 4417 ,
