3104 5084
758 536 862 632 310

291 715 422 852 iusque
448 741 501 822 ad
531 742 721 824 cubitum
748 744 909 824 laevum.
969 743 1103 824 Mares
1132 741 1332 848 precipue

291 878 500 980 tentantur
515 879 591 980 hoc
603 880 763 978 morbo,
779 880 853 984 qui
869 907 1025 958 annum
1046 879 1334 986 quinquagesis

293 1011 411 1114 nium
431 1035 694 1096 excesserunt.
753 1017 870 1095 Sedes
886 1017 970 1122 ejus
986 1039 1045 1096 est
1057 1017 1180 1096 modo
1195 1043 1333 1124 supre-

291 1137 360 1232 ma
380 1181 483 1258 pars,
508 1152 632 1230 modo
660 1153 804 1250 media,
831 1153 954 1234 modo
975 1154 1055 1232 ima
1075 1153 1172 1234 ossis
1193 1153 1344 1250 sterni,

292 1302 378 1370 non
398 1315 487 1368 raro
500 1309 636 1368 tamen
652 1289 882 1369 inclinatior
896 1290 947 1368 ad
966 1289 1190 1389 sinistrum,
1204 1315 1336 1396 quarn

292 1425 343 1504 ad
355 1425 545 1504 dextrum
565 1410 679 1505 latus.
739 1427 905 1508 Arteria
925 1451 1081 1525 eorum,
1101 1427 1175 1536 qui
1194 1425 1238 1506 in
1252 1423 1331 1504 hoc

289 1562 429 1642 dolore
449 1584 557 1660 sunt,
576 1563 811 1642 naturaliter
830 1591 992 1668 prorsus
1012 1586 1240 1642 moventur.

349 1701 570 1805 Postquam
589 1698 673 1777 haec
695 1700 812 1804 pestis
829 1727 997 1797 annum,
1016 1701 1078 1780 vel
1098 1699 1250 1778 diutins
1270 1697 1335 1774 in.-

291 1835 464 1946 lraes'erit,
492 1863 577 1914 non
595 1835 694 1914 adeo
714 1835 897 1940 protinus
918 1836 1087 1942 quiescit
1101 1859 1211 1916 'curn
1229 1859 1337 1938 teger

292 1971 499 2071 constitit3
529 1993 621 2052 tum
641 1999 807 2078 quoque
827 1973 983 2052 invadit
998 1975 1082 2051 non
1097 1973 1229 2052 solum
1244 1999 1331 2051 am-

291 2100 491 2207 bulantes,
520 2107 589 2188 sed
612 2109 733 2188 etiam
760 2110 965 2208 cubantes,
995 2108 1169 2189 maxime
1193 2129 1331 2189 autern

294 2243 369 2353 'qui
394 2247 438 2326 iu
454 2245 667 2326 sinistrum
688 2247 789 2358 latus
811 2246 959 2353 jacent,
982 2269 1020 2326 et
1038 2245 1208 2351 proinde
1230 2247 1332 2351 supe

291 2383 401 2491 cogit
413 2385 684 2490 aegroselecto
698 2411 870 2489 surgere.
901 2385 949 2463 ln
960 2383 1331 2482 nonnullis,verum

293 2519 440 2634 nonin
459 2520 665 2618 omnibus,
685 2521 759 2616 ubi
773 2520 929 2600 malurn
948 2519 1241 2618 inveteraverit,
1258 2546 1329 2598 an,

276 2683 368 2764 'gor
387 2655 603 2740 inducetur
621 2655 801 2737 vectione
829 2655 873 2736 in
894 2683 1029 2754 curru,
1058 2677 1128 2734 aut
1148 2655 1192 2734 in
1209 2681 1329 2759 equo,

156 2855 177 2870 „
291 2793 391 2874 item
409 2792 680 2891 devoratione,
700 2815 818 2887 tusae,
840 2794 1036 2911 solutione
1052 2791 1144 2891 alvi,
1158 2791 1330 2898 loquela,
1375 2788 1378 2794 ’

292 2951 364 3014 aut
383 2929 564 3038 qualibet
582 2930 728 3011 mentis
748 2931 1058 3036 perturbatione,
1102 2969 1105 2975 Δ

350 3065 464 3166 Haec,
483 3091 607 3174 quam
628 3065 752 3150 modo
770 3064 974 3170 descripsi,
993 3064 1252 3152 usitatissima
1269 3087 1329 3146 est

292 3201 429 3283 morbi
441 3198 574 3282 facies.
615 3201 664 3281 ln
678 3199 884 3294 nonnullis
898 3227 992 3280 vero
1004 3200 1192 3306 quadam
1203 3201 1329 3282 varie-

291 3359 390 3419 tates
402 3336 679 3450 inveniuntur.
737 3337 844 3422 Nam
863 3363 947 3415 non
963 3337 1095 3417 solum
1114 3333 1326 3420 ambulan-

186 3503 188 3508 ·
255 3531 258 3542 ·
292 3495 365 3574 ter,
393 3469 463 3556 sed
481 3476 520 3555 et
538 3473 699 3572 cuntes,
726 3495 766 3554 et
785 3473 977 3569 sedentes,
997 3497 1036 3554 et
1056 3473 1329 3580 expergiscen-

291 3629 350 3690 tes
378 3635 427 3690 ex
452 3635 610 3711 somno,
636 3608 808 3715 correpti
827 3631 924 3690 sunt
950 3607 1028 3690 hoc
1057 3610 1183 3708 malo;
1213 3608 1327 3716 quod
1386 3633 1387 3638 ‘
1434 3633 1438 3642 ·

187 3833 189 3840 Α
292 3771 415 3854 porro
443 3745 496 3828 ad
513 3745 703 3830 dextrum
731 3746 878 3859 pariter
896 3772 941 3825 ac
962 3745 1111 3825 laevur'n
1138 3743 1327 3840 cubitum

276 3881 467 3988 pertigit,
486 3903 607 3990 atque
625 3881 747 3964 etiarn
761 3909 891 3988 usque
906 3880 959 3960 ad
971 3907 1136 3984 mantue
1166 3879 1235 3976 sed
1249 3879 1327 3962 hoc

290 4019 420 4104 rarius
449 4017 601 4118 evenit3
631 4017 883 4106 rarissimum
909 4037 1046 4114 autem
1070 4037 1142 4118 est,
1168 4037 1218 4099 ut
1234 4017 1327 4098 bra.

291 4152 434 4237 chium
451 4153 575 4236 simul
594 4175 747 4260 torpeat
765 4175 805 4234 et
824 4175 990 4252 tumeat.
1075 4243 1079 4250 ,

346 4291 394 4372 In
421 4317 527 4396 agro
542 4317 626 4370 uno
645 4312 716 4371 aut
742 4291 865 4390 altero
883 4288 1001 4370 dolor
1019 4287 1327 4394 permansieali,

291 4447 394 4544 quot
411 4424 543 4528 horae,
555 4445 629 4514 aut
641 4423 764 4520 etiam
782 4423 885 4532 dies3
914 4423 1113 4511 nimirum
1128 4451 1225 4508 cum
1236 4422 1326 4534 jane

760 4623 761 4626 ¹
830 4628 837 4662 l

463 4745 490 4799 Ο
