3104 5084
206 657 273 740 vel
291 649 406 738 nullo
424 675 600 756 mmore,
629 655 704 763 qui
721 655 851 756 dolor,
880 655 1069 762 quamvis
1097 655 1253 742 diutius

205 816 383 895 maneat,
403 816 541 876 tamen
552 791 705 874 nullius
720 813 779 874 est
793 793 1005 894 momenti,
1023 795 1253 878 dummodo
1305 879 1309 888 ,

203 932 320 1014 nulla
346 930 502 1012 fuerint
520 930 742 1013 tubercula.
802 931 910 1026 Ictus
939 931 1037 1012 levia
1065 931 1254 1016 'excitavit

203 1065 446 1176 hujusmodi
456 1067 653 1168 dolorem,
665 1066 896 1174 qui'deinde
908 1070 1174 1174 perseveravit
1183 1071 1253 1152 de-

202 1205 498 1290 cenniumaine
513 1205 659 1314 quovis
673 1205 752 1286 alio
772 1205 892 1286 malo.
950 1207 1000 1286 In
1013 1233 1099 1286 non
1113 1207 1251 1314 paucis

203 1342 369 1426 accessit
386 1341 503 1424 dolor
528 1341 613 1424 sine
632 1341 775 1450 quavis
805 1339 1019 1423 manifesta
1037 1369 1159 1424 causa
1170 1378 1182 1442 ;
1211 1366 1252 1426 et

201 1480 416 1562 interdurn
429 1501 520 1586 post
538 1505 665 1562 annot
681 1479 900 1561 duodecim
916 1503 989 1559 aua
1000 1502 1142 1586 sponte
1157 1480 1251 1561 fini-

204 1637 357 1700 tuaest
386 1616 628 1698 Videndum
639 1639 698 1698 eat
710 1641 760 1698 ne
773 1613 890 1696 dolor
901 1639 1153 1724 exasperetur
1164 1645 1252 1708 ves-

201 1754 317 1836 tibus
329 1755 452 1836 nimia
466 1775 571 1836 arcte
585 1781 785 1836 mammas
800 1753 1190 1859 constringentibus;
1209 1777 1250 1839 et

201 1889 358 1973 interea
375 1913 424 1973 ut
438 1892 550 1974 alvus
567 1891 659 1974 satia
679 1898 815 1973 tenera
833 1911 1022 1972 servetur.

259 2028 481 2111 Distillatio
498 2029 576 2110 aeri
594 2029 657 2110 rel
672 2025 780 2128 flavi,
807 2029 872 2110 vel
891 2027 1061 2128 cruenti,
1086 2051 1250 2136 excepta

200 2161 289 2248 fuit
307 2165 576 2248 carcinomate
591 2193 799 2247 mammae:
830 2191 974 2246 verum
989 2163 1067 2250 hoc
1086 2193 1172 2246 non
1191 2187 1250 2248 est

202 2323 473 2410 perpetuum:
502 2329 613 2386 nam.
628 2301 781 2384 humor
811 2303 996 2408 exignus,
1026 2302 1249 2382 autetiam

201 2440 384 2548 sanguis,
410 2442 561 2522 multos
581 2467 709 2554 annos
729 2439 903 2547 perstitit
921 2439 1039 2538 exire,
1067 2457 1106 2520 et
1126 2439 1250 2519 simul

199 2577 350 2684 papilla
364 2577 475 2658 intus
494 2599 663 2658 retracta
674 2597 748 2676 est,
767 2575 852 2657 aine
868 2573 1015 2683 quovis
1030 2577 1137 2656 malo
1152 2577 1251 2656 aub-

201 2735 409 2818 aequente.
466 2711 666 2813 Scirrhua,
694 2741 765 2794 seu
791 2712 1055 2794 tuberculum
1080 2712 1249 2811 durum,

201 2872 418 2958 utcunque
436 2849 661 2950 minutum,
679 2875 765 2929 non
781 2848 867 2930 aine
879 2869 993 2929 metu
1007 2847 1052 2926 in
1066 2873 1249 2930 mamma

201 2984 449 3094 percipitur:
480 3013 698 3094 nunquam
734 2983 847 3094 enim
878 2979 978 3066 novi
1006 2983 1267 3086 carcinoma'
1337 3045 1344 3060 .

205 3121 325 3230 quod
343 3149 430 3203 non
446 3123 497 3205 ab
516 3123 594 3204 hoc
620 3121 824 3229 inceperit.
883 3121 1042 3222 Tamen
1070 3117 1249 3201 tcirrhua

202 3257 428 3364 aliquando
462 3233 647 3367 contigit,
680 3259 766 3340 sine
803 3257 1072 3340 carcinomate
1100 3255 1249 3338 'subse-

203 3416 370 3502 quente,
397 3397 618 3504 praeaertim
636 3395 670 3476 is
697 3395 834 3478 nullus
865 3393 990 3476 fuerit
1019 3393 1149 3495 dolor,
1177 3413 1248 3476 aut

201 3555 365 3636 tumor,
383 3555 455 3616 aut
484 3535 690 3616 distillatio
719 3562 741 3616 e
774 3531 931 3640 papilla.
990 3533 1101 3638 ssaepe
1134 3531 1247 3634 enim

201 3671 466 3752 mberculum
488 3697 583 3752 casu
601 3670 899 3778 deprehensum
918 3689 990 3768 est,
1018 3689 1057 3749 et
1075 3667 1247 3748 forsitan
1325 3715 1328 3720 -

202 3809 277 3890 diu
295 3809 465 3890 latuerat
483 3809 529 3890 in
546 3837 741 3909 mamma,
758 3837 851 3917 quae
866 3807 1114 3914 caeteroquin
1133 3831 1248 3912 pror-

203 3973 270 4028 aua
287 3969 493 4028 canterat.
553 3947 768 4062 Quamdiu
783 3945 961 4028 tcirrhus
977 3971 1111 4052 neque
1125 3943 1248 4044 dolet,

178 4109 337 4190 tneque
356 4107 540 4190 augetur,
567 4105 728 4191 praectat
746 4083 945 4164 abstinere
971 4082 1022 4162 ab
1051 4079 1245 4161 omnibus

104 4301 111 4310 ,
204 4219 448 4308 extrinsecus
487 4221 701 4322 remediit3
748 4247 881 4328 neque
922 4216 1087 4324 jurabit
1116 4215 1247 4297 calore

203 4377 346 4464 prater
365 4357 702 4444 consuetudinem
712 4353 1097 4444 mammamfovere.
1155 4351 1246 4434 Me·
1280 4340 1283 4349 ’
