3002 5086
763 491 867 608 174

226 779 229 790 ,
287 703 457 811 judicio,
475 721 523 782 ut
541 702 792 784 discernatur
811 701 879 784 hic
898 699 1063 784 affectus
1083 729 1107 784 a
1124 705 1234 785 malo
1251 703 1341 786 Ve·v
1477 733 1478 736 ‘

292 867 425 939 nereo,
437 815 641 946 siqnidem
656 839 804 920 murier
814 839 875 918 illi
890 839 1045 946 objecta
1058 837 1196 921 fuerin
1244 841 1328 922 mi

193 1059 196 1066 ,
291 977 439 1084 aliqua,
452 1003 542 1084 qnae
551 997 667 1058 antea
677 976 830 1057 vixerat
841 975 1218 1084 libereaprofluvio
1226 977 1328 1078 albo,

290 1115 354 1195 vel
373 1114 418 1194 id
430 1135 594 1196 tantum
608 1113 808 1195 levissime
822 1135 983 1220 experta
997 1135 1093 1215 erat,
1110 1137 1326 1223 postquam

290 1251 499 1332 consuevit
511 1277 608 1331 cum
619 1249 720 1350 viro,
732 1249 928 1332 continuo
940 1251 1109 1358 coeperit
1118 1249 1246 1358 affligi
1257 1251 1328 1332 do-

288 1389 373 1470 lore
387 1387 530 1488 urinae,
547 1409 586 1468 et
600 1385 786 1467 humoris
806 1387 888 1468 albi
903 1383 1139 1494 profusione
1157 1389 1327 1496 copiosa,

289 1547 382 1606 tum
400 1523 576 1605 maxime
595 1523 629 1603 si
647 1524 790 1604 coloris
811 1520 907 1604 flavi
924 1521 1062 1626 fuerit,
1086 1547 1158 1607 aut
1175 1524 1328 1626 viridis,

209 1717 216 1730 -
282 1661 394 1770 justa
411 1661 487 1742 erit
505 1659 642 1741 morbi
659 1645 845 1741 Venerei
862 1647 1048 1768 suspioio.
1105 1661 1328 1743 Molestum

286 1820 425 1880 tamen
436 1819 508 1898 est,
522 1795 636 1905 quod
649 1797 837 1878 mulieres
852 1796 989 1878 statim
1000 1797 1279 1905 postnuptim
1293 1797 1332 1880 si.

287 1935 477 2016 valetudo
496 1943 538 2015 'et
560 1933 725 2014 habitus
755 1923 933 2040 corporis
960 1933 1042 2016 sint
1070 1933 1331 2037 infirmiores,

286 2098 374 2153 non
401 2097 492 2152 raro
511 2091 719 2151 tententur
733 2067 939 2180 profluvio
958 2071 1141 2180 quodam
1155 2073 1261 2172 albo,
1278 2099 1326 2154 ex

287 2235 373 2315 quo
381 2206 489 2290 falsae
501 2205 800 2288 criminationes
810 2227 912 2288 natae
925 2231 1033 2290 sunt.
1063 2209 1326 2315 Itaquesum·

286 2370 450 2451 mopere
463 2343 690 2424 cavendum
703 2366 797 2425 eota
815 2343 1009 2452 praecipiti
1022 2344 1179 2452 judicio
1194 2343 1245 2426 de
1256 2371 1325 2428 na·

286 2502 379 2563 tura
397 2479 520 2586 hujus
540 2479 649 2559 mali.
707 2479 794 2560 Ubi
808 2480 918 2560 color
928 2480 1117 2561 ‘humoris
1131 2481 1195 2562 vel
1209 2481 1322 2562 albus

285 2609 359 2721 est,
376 2619 439 2701 vel
457 2616 597 2698 leviter
610 2613 754 2716 flavus,
772 2637 812 2696 et
826 2618 995 2723 exiguus
1010 2617 1073 2697 vel
1088 2616 1225 2698 nullus
1240 2617 1324 2698 uri·
1399 2701 1401 2706 .

285 2781 350 2838 nae
365 2755 494 2855 dolor,
521 2753 702 2836 nonerit
719 2755 830 2835 locus
860 2754 1100 2860 suspicando
1128 2753 1322 2836 morbum

285 2893 518 2974 Venereum
537 2890 711 2990 subesse,
738 2889 895 2972 etiamsi
923 2891 1035 2976 nulla
1060 2887 1185 2974 fuerit
1208 2912 1324 2974 antea

285 3029 409 3137 hujus
428 3029 584 3136 generis
603 3025 832 3110 infirmitas.
951 3011 954 3018 ¹

340 3168 434 3248 Hoc
446 3167 596 3247 vitium
608 3193 709 3272 saepe
721 3165 899 3246 nascitur
909 3192 958 3246 ex
969 3164 1110 3248 crebro
1118 3167 1182 3246 vel
1193 3185 1331 3272 partu,

283 3304 349 3385 vel
381 3303 539 3384 abortu.
600 3301 803 3414 Quaedam
839 3302 909 3383 illo
939 3301 1128 3410 ,primum
1163 3323 1324 3384 nentatae

285 3460 396 3539 sunt,
413 3435 518 3519 dum
536 3439 712 3545 gravide
731 3436 911 3520 firerunt.
963 3440 1121 3522 wContra
1137 3439 1215 3521 uni
1228 3465 1330 3521 con·¹

276 3575 390 3683 tigit,
403 3598 452 3659 ut
464 3577 569 3658 dum
579 3599 764 3660 ventrem
774 3577 909 3680 ferret,
920 3601 1113 3660 consueto
1124 3577 1263 3660 minus
1276 3605 1330 3660 eo·

259 3697 266 3710 ⁶
283 3713 493 3796 laboraret.
551 3715 764 3816 Interdum
783 3715 903 3797 rediit
917 3715 1085 3824 singulis
1100 3714 1325 3815 mensibus,

282 3873 323 3934 et
333 3872 639 3938 menstruorum
651 3853 783 3933 vicem
793 3852 998 3960 implevit3
1026 3852 1126 3934 item
1136 3879 1323 3959 perman·

282 3989 335 4072 rit
353 3990 439 4116 eine
466 3988 549 4070 ulla
566 3989 877 4092 intermissione,
907 3991 1109 4098 quamdiu
1133 3989 1202 4071 illa
1229 4017 1325 4097 eup-

282 4103 416 4234 pressa
449 4149 574 4210 erant.
631 4128 799 4210 Verulae
832 4155 1000 4237 quoque
1028 4127 1220 4210 adortum
1251 4150 1323 4227 ert,

282 4289 383 4377 quas
395 4287 604 4347 menstrua
615 4265 774 4373 penitus
787 4249 1055 4348 deseruerant.
1092 4263 1201 4350 Alias
1215 4260 1321 4346 fluor

283 4401 397 4486 albus
409 4423 450 4486 et
463 4425 672 4489 menstrua
682 4382 849 4514 profusa
861 4403 1011 4488 eodem
1020 4423 1201 4512 tempore
1214 4425 1331 4518 exera!
