<?xml version="1.0" encoding="UTF-8"?>
<!DOCTYPE html PUBLIC "-//W3C//DTD XHTML 1.0 Transitional//EN"
    "http://www.w3.org/TR/xhtml1/DTD/xhtml1-transitional.dtd">
<html xmlns="http://www.w3.org/1999/xhtml" xml:lang="en" lang="en">
 <head>
  <title>
</title>
<meta http-equiv="Content-Type" content="text/html;charset=utf-8" />
  <meta name='ocr-system' content='tesseract 3.04.00' />
  <meta name='ocr-capabilities' content='ocr_page ocr_carea ocr_par ocr_line ocrx_word'/>
</head>
<body>
  <div class='ocr_page' id='page_1' title='image "./commentariidemo00hebegoog_0379.png"; bbox 0 0 3050 5084; ppageno 0'>
   <div class='ocr_carea' id='block_1_1' title="bbox 792 487 894 590">
    <p class='ocr_par' dir='ltr' id='par_1_1' title="bbox 792 487 894 590">
     <span class='ocr_line' id='line_1_1' title="bbox 792 487 894 590; baseline 0 -1"><span class='ocrx_word' id='word_1_1' title='bbox 792 487 894 590; x_wconf 76' lang='lat'>364</span> 
     </span>
    </p>
   </div>
   <div class='ocr_carea' id='block_1_2' title="bbox 195 695 1378 4372">
    <p class='ocr_par' dir='ltr' id='par_1_2' title="bbox 313 695 1378 1492">
     <span class='ocr_line' id='line_1_2' title="bbox 320 695 1361 816; baseline 0.005 -33"><span class='ocrx_word' id='word_1_2' title='bbox 320 701 464 802; x_wconf 79' lang='lat' dir='ltr'>suevit,</span> <span class='ocrx_word' id='word_1_3' title='bbox 482 722 521 782; x_wconf 89' lang='lat' dir='ltr'>et</span> <span class='ocrx_word' id='word_1_4' title='bbox 536 729 621 782; x_wconf 89' lang='lat' dir='ltr'>non</span> <span class='ocrx_word' id='word_1_5' title='bbox 638 725 728 782; x_wconf 88' lang='lat' dir='ltr'>raro</span> <span class='ocrx_word' id='word_1_6' title='bbox 740 723 878 786; x_wconf 86' lang='lat' dir='ltr'>manet</span> <span class='ocrx_word' id='word_1_7' title='bbox 891 727 1022 816; x_wconf 85' lang='lat' dir='ltr'>usque</span> <span class='ocrx_word' id='word_1_8' title='bbox 1034 695 1086 782; x_wconf 88' lang='lat' dir='ltr'>ad</span> <span class='ocrx_word' id='word_1_9' title='bbox 1097 723 1361 788; x_wconf 78' lang='lat' dir='ltr'>senectutemt</span> 
     </span>
     <span class='ocr_line' id='line_1_3' title="bbox 317 835 1362 945; baseline 0.001 -26"><span class='ocrx_word' id='word_1_10' title='bbox 317 865 421 945; x_wconf 80' lang='lat' dir='ltr'>teger</span> <span class='ocrx_word' id='word_1_11' title='bbox 438 837 602 939; x_wconf 86' lang='lat' dir='ltr'>interea,</span> <span class='ocrx_word' id='word_1_12' title='bbox 620 865 730 944; x_wconf 86' lang='lat' dir='ltr'>genu</span> <span class='ocrx_word' id='word_1_13' title='bbox 749 835 984 936; x_wconf 82' lang='lat' dir='ltr'>tumefacto,</span> <span class='ocrx_word' id='word_1_14' title='bbox 1003 859 1044 918; x_wconf 91' lang='lat' dir='ltr'>et</span> <span class='ocrx_word' id='word_1_15' title='bbox 1061 837 1270 920; x_wconf 90' lang='lat' dir='ltr'>interdum</span> <span class='ocrx_word' id='word_1_16' title='bbox 1288 839 1362 920; x_wconf 78' lang='lat' dir='ltr'>do·</span> 
     </span>
     <span class='ocr_line' id='line_1_4' title="bbox 315 973 1378 1082; baseline 0.004 -30"><span class='ocrx_word' id='word_1_17' title='bbox 315 975 435 1075; x_wconf 88' lang='lat' dir='ltr'>lente,</span> <span class='ocrx_word' id='word_1_18' title='bbox 458 973 760 1082; x_wconf 85' lang='lat' dir='ltr'>aliquantulum</span> <span class='ocrx_word' id='word_1_19' title='bbox 780 973 990 1074; x_wconf 89' lang='lat' dir='ltr'>claudicat,</span> <span class='ocrx_word' id='word_1_20' title='bbox 1008 996 1048 1055; x_wconf 89' lang='lat' dir='ltr'>et</span> <span class='ocrx_word' id='word_1_21' title='bbox 1067 974 1240 1056; x_wconf 79' lang='lat' dir='ltr'>subinde</span> <span class='ocrx_word' id='word_1_22' title='bbox 1258 975 1378 1056; x_wconf 82' lang='lat' dir='ltr'>malo·</span> 
     </span>
     <span class='ocr_line' id='line_1_5' title="bbox 316 1110 1363 1218; baseline -0.002 -26"><span class='ocrx_word' id='word_1_23' title='bbox 316 1111 459 1210; x_wconf 84' lang='lat' dir='ltr'>habet3</span> <span class='ocrx_word' id='word_1_24' title='bbox 489 1110 581 1200; x_wconf 89' lang='lat' dir='ltr'>licet</span> <span class='ocrx_word' id='word_1_25' title='bbox 599 1139 684 1201; x_wconf 91' lang='lat' dir='ltr'>non</span> <span class='ocrx_word' id='word_1_26' title='bbox 703 1137 839 1218; x_wconf 73' lang='lat' dir='ltr'>pauca</span> <span class='ocrx_word' id='word_1_27' title='bbox 860 1110 1177 1194; x_wconf 80' lang='lat' dir='ltr'>intermissiones</span> <span class='ocrx_word' id='word_1_28' title='bbox 1196 1111 1291 1212; x_wconf 86' lang='lat' dir='ltr'>sint,</span> <span class='ocrx_word' id='word_1_29' title='bbox 1317 1113 1363 1192; x_wconf 87' lang='lat' dir='ltr'>in</span> 
     </span>
     <span class='ocr_line' id='line_1_6' title="bbox 315 1245 1363 1362; baseline 0.005 -38"><span class='ocrx_word' id='word_1_30' title='bbox 315 1245 469 1362; x_wconf 86' lang='lat' dir='ltr'>quibus</span> <span class='ocrx_word' id='word_1_31' title='bbox 490 1247 583 1328; x_wconf 85' lang='lat' dir='ltr'>satis</span> <span class='ocrx_word' id='word_1_32' title='bbox 602 1248 816 1335; x_wconf 87' lang='lat' dir='ltr'>commode</span> <span class='ocrx_word' id='word_1_33' title='bbox 837 1247 951 1328; x_wconf 86' lang='lat' dir='ltr'>valet.</span> <span class='ocrx_word' id='word_1_34' title='bbox 1009 1247 1186 1354; x_wconf 86' lang='lat' dir='ltr'>Utrique</span> <span class='ocrx_word' id='word_1_35' title='bbox 1201 1245 1363 1328; x_wconf 85' lang='lat' dir='ltr'>affectui</span> 
     </span>
     <span class='ocr_line' id='line_1_7' title="bbox 313 1365 1360 1492; baseline 0.006 -28"><span class='ocrx_word' id='word_1_36' title='bbox 313 1409 417 1489; x_wconf 76' lang='lat' dir='ltr'>saepe</span> <span class='ocrx_word' id='word_1_37' title='bbox 432 1365 628 1476; x_wconf 79' lang='lat' dir='ltr'>accedunt</span> <span class='ocrx_word' id='word_1_38' title='bbox 642 1385 757 1492; x_wconf 88' lang='lat' dir='ltr'>signa</span> <span class='ocrx_word' id='word_1_39' title='bbox 772 1377 964 1466; x_wconf 82' lang='lat' dir='ltr'>strumosi</span> <span class='ocrx_word' id='word_1_40' title='bbox 979 1383 1142 1466; x_wconf 84' lang='lat' dir='ltr'>habitus</span> <span class='ocrx_word' id='word_1_41' title='bbox 1157 1407 1360 1470; x_wconf 81' lang='lat' dir='ltr'>consueta.</span> 
     </span>
    </p>

    <p class='ocr_par' dir='ltr' id='par_1_3' title="bbox 370 1521 1363 1630">
     <span class='ocr_line' id='line_1_8' title="bbox 370 1521 1363 1630; baseline -0.003 -26"><span class='ocrx_word' id='word_1_42' title='bbox 370 1522 554 1628; x_wconf 87' lang='lat' dir='ltr'>Contigit</span> <span class='ocrx_word' id='word_1_43' title='bbox 565 1523 773 1610; x_wconf 86' lang='lat' dir='ltr'>interdum</span> <span class='ocrx_word' id='word_1_44' title='bbox 788 1523 895 1604; x_wconf 81' lang='lat' dir='ltr'>mala</span> <span class='ocrx_word' id='word_1_45' title='bbox 908 1543 1110 1613; x_wconf 79' lang='lat' dir='ltr'>strumoso</span> <span class='ocrx_word' id='word_1_46' title='bbox 1121 1521 1237 1630; x_wconf 85' lang='lat' dir='ltr'>sequi</span> <span class='ocrx_word' id='word_1_47' title='bbox 1251 1547 1363 1602; x_wconf 88' lang='lat' dir='ltr'>mor·</span> 
     </span>
    </p>

    <p class='ocr_par' dir='ltr' id='par_1_4' title="bbox 315 1655 1363 1765">
     <span class='ocr_line' id='line_1_9' title="bbox 315 1655 1363 1765; baseline -0.002 -25"><span class='ocrx_word' id='word_1_48' title='bbox 315 1659 434 1740; x_wconf 91' lang='lat' dir='ltr'>billos</span> <span class='ocrx_word' id='word_1_49' title='bbox 452 1682 494 1740; x_wconf 89' lang='lat' dir='ltr'>et</span> <span class='ocrx_word' id='word_1_50' title='bbox 513 1658 708 1760; x_wconf 86' lang='lat' dir='ltr'>variolas;</span> <span class='ocrx_word' id='word_1_51' title='bbox 727 1657 838 1744; x_wconf 85' lang='lat' dir='ltr'>uncle</span> <span class='ocrx_word' id='word_1_52' title='bbox 857 1655 1045 1741; x_wconf 88' lang='lat' dir='ltr'>nonnulli</span> <span class='ocrx_word' id='word_1_53' title='bbox 1059 1657 1249 1765; x_wconf 87' lang='lat' dir='ltr'>suspicati</span> <span class='ocrx_word' id='word_1_54' title='bbox 1264 1677 1363 1738; x_wconf 86' lang='lat' dir='ltr'>sunt</span> 
     </span>
    </p>

    <p class='ocr_par' dir='ltr' id='par_1_5' title="bbox 195 1770 1364 2727">
     <span class='ocr_line' id='line_1_10' title="bbox 265 1770 1364 1904; baseline -0.002 -28"><span class='ocrx_word' id='word_1_55' title='bbox 265 1899 266 1904; x_wconf 8' lang='grc' dir='ltr'><strong><em>Ν</em></strong></span> <span class='ocrx_word' id='word_1_56' title='bbox 289 1770 290 1776; x_wconf 18' lang='lat'>¹</span> <span class='ocrx_word' id='word_1_57' title='bbox 312 1793 388 1876; x_wconf 87' lang='lat' dir='ltr'>hos</span> <span class='ocrx_word' id='word_1_58' title='bbox 404 1796 570 1876; x_wconf 89' lang='lat' dir='ltr'>morbos</span> <span class='ocrx_word' id='word_1_59' title='bbox 585 1796 720 1878; x_wconf 85' lang='lat' dir='ltr'>nescio</span> <span class='ocrx_word' id='word_1_60' title='bbox 732 1773 859 1902; x_wconf 71' lang='lat' dir='ltr'>quam</span> <span class='ocrx_word' id='word_1_61' title='bbox 868 1823 1024 1880; x_wconf 86' lang='lat' dir='ltr'>noxam</span> <span class='ocrx_word' id='word_1_62' title='bbox 1042 1795 1202 1902; x_wconf 86' lang='lat' dir='ltr'>corpori</span> <span class='ocrx_word' id='word_1_63' title='bbox 1217 1795 1364 1902; x_wconf 88' lang='lat' dir='ltr'>impri-</span> 
     </span>
     <span class='ocr_line' id='line_1_11' title="bbox 239 1931 1362 2040; baseline -0.005 -28"><span class='ocrx_word' id='word_1_64' title='bbox 239 2017 243 2026; x_wconf 71' lang='grc'>,</span> <span class='ocrx_word' id='word_1_65' title='bbox 314 1959 437 2034; x_wconf 89' lang='lat' dir='ltr'>mere,</span> <span class='ocrx_word' id='word_1_66' title='bbox 469 1959 560 2040; x_wconf 78' lang='lat' dir='ltr'>qua</span> <span class='ocrx_word' id='word_1_67' title='bbox 591 1933 770 2038; x_wconf 86' lang='lat' dir='ltr'>neglecta</span> <span class='ocrx_word' id='word_1_68' title='bbox 800 1931 966 2018; x_wconf 86' lang='lat' dir='ltr'>tandem</span> <span class='ocrx_word' id='word_1_69' title='bbox 985 1931 1173 2014; x_wconf 82' lang='lat' dir='ltr'>adolescit</span> <span class='ocrx_word' id='word_1_70' title='bbox 1190 1931 1235 2012; x_wconf 92' lang='lat' dir='ltr'>in</span> <span class='ocrx_word' id='word_1_71' title='bbox 1254 1952 1362 2012; x_wconf 81' lang='lat' dir='ltr'>stru.</span> 
     </span>
     <span class='ocr_line' id='line_1_12' title="bbox 312 2067 1361 2175; baseline -0.007 -26"><span class='ocrx_word' id='word_1_72' title='bbox 312 2097 437 2150; x_wconf 89' lang='lat' dir='ltr'>mam.</span> <span class='ocrx_word' id='word_1_73' title='bbox 486 2072 606 2150; x_wconf 88' lang='lat' dir='ltr'>Hanc</span> <span class='ocrx_word' id='word_1_74' title='bbox 621 2067 856 2175; x_wconf 85' lang='lat' dir='ltr'>opinionem</span> <span class='ocrx_word' id='word_1_75' title='bbox 876 2094 973 2150; x_wconf 87' lang='lat' dir='ltr'>usus</span> <span class='ocrx_word' id='word_1_76' title='bbox 993 2068 1097 2154; x_wconf 86' lang='lat' dir='ltr'>mihi</span> <span class='ocrx_word' id='word_1_77' title='bbox 1118 2069 1211 2150; x_wconf 83' lang='lat' dir='ltr'>satis</span> <span class='ocrx_word' id='word_1_78' title='bbox 1231 2069 1361 2150; x_wconf 73' lang='lat' dir='ltr'>incer.</span> 
     </span>
     <span class='ocr_line' id='line_1_13' title="bbox 311 2205 1359 2322; baseline 0.003 -35"><span class='ocrx_word' id='word_1_79' title='bbox 311 2227 398 2291; x_wconf 89' lang='lat' dir='ltr'>tam</span> <span class='ocrx_word' id='word_1_80' title='bbox 426 2205 615 2322; x_wconf 81' lang='lat' dir='ltr'>reliquit3</span> <span class='ocrx_word' id='word_1_81' title='bbox 645 2233 772 2319; x_wconf 85' lang='lat' dir='ltr'>qnam</span> <span class='ocrx_word' id='word_1_82' title='bbox 801 2227 937 2288; x_wconf 84' lang='lat' dir='ltr'>tamen</span> <span class='ocrx_word' id='word_1_83' title='bbox 967 2205 1119 2312; x_wconf 84' lang='lat' dir='ltr'>aegroti,</span> <span class='ocrx_word' id='word_1_84' title='bbox 1146 2227 1186 2288; x_wconf 91' lang='lat' dir='ltr'>et</span> <span class='ocrx_word' id='word_1_85' title='bbox 1213 2231 1359 2290; x_wconf 85' lang='lat' dir='ltr'>eorum</span> 
     </span>
     <span class='ocr_line' id='line_1_14' title="bbox 313 2341 1360 2450; baseline 0.002 -28"><span class='ocrx_word' id='word_1_86' title='bbox 313 2341 536 2450; x_wconf 91' lang='lat' dir='ltr'>propinqui</span> <span class='ocrx_word' id='word_1_87' title='bbox 555 2371 602 2424; x_wconf 90' lang='lat' dir='ltr'>eo</span> <span class='ocrx_word' id='word_1_88' title='bbox 627 2341 784 2432; x_wconf 85' lang='lat' dir='ltr'>avidius</span> <span class='ocrx_word' id='word_1_89' title='bbox 814 2345 1127 2450; x_wconf 85' lang='lat' dir='ltr'>amplectuntur,</span> <span class='ocrx_word' id='word_1_90' title='bbox 1154 2343 1253 2450; x_wconf 86' lang='lat' dir='ltr'>quia</span> <span class='ocrx_word' id='word_1_91' title='bbox 1272 2368 1360 2424; x_wconf 80' lang='lat' dir='ltr'>rna—</span> 
     </span>
     <span class='ocr_line' id='line_1_15' title="bbox 311 2479 1359 2580; baseline 0 -20"><span class='ocrx_word' id='word_1_92' title='bbox 311 2479 404 2560; x_wconf 87' lang='lat' dir='ltr'>lunt</span> <span class='ocrx_word' id='word_1_93' title='bbox 421 2479 647 2564; x_wconf 86' lang='lat' dir='ltr'>existimare</span> <span class='ocrx_word' id='word_1_94' title='bbox 666 2479 912 2570; x_wconf 85' lang='lat' dir='ltr'>hoovitium</span> <span class='ocrx_word' id='word_1_95' title='bbox 930 2480 1054 2560; x_wconf 85' lang='lat' dir='ltr'>fuisse</span> <span class='ocrx_word' id='word_1_96' title='bbox 1073 2479 1359 2580; x_wconf 82' lang='lat' dir='ltr'>adventitium,</span> 
     </span>
     <span class='ocr_line' id='line_1_16' title="bbox 195 2613 1058 2727; baseline 0 -29"><span class='ocrx_word' id='word_1_97' title='bbox 195 2681 214 2712; x_wconf 66' lang='lat'>‚</span> <span class='ocrx_word' id='word_1_98' title='bbox 313 2643 440 2727; x_wconf 89' lang='lat' dir='ltr'>quam</span> <span class='ocrx_word' id='word_1_99' title='bbox 459 2617 662 2716; x_wconf 85' lang='lat' dir='ltr'>innatum,</span> <span class='ocrx_word' id='word_1_100' title='bbox 688 2639 729 2698; x_wconf 92' lang='lat' dir='ltr'>et</span> <span class='ocrx_word' id='word_1_101' title='bbox 747 2613 1058 2700; x_wconf 80' lang='lat' dir='ltr'>hareditarium.</span> 
     </span>
    </p>

    <p class='ocr_par' dir='ltr' id='par_1_6' title="bbox 309 2753 1357 3137">
     <span class='ocr_line' id='line_1_17' title="bbox 366 2753 1357 2866; baseline -0.001 -31"><span class='ocrx_word' id='word_1_102' title='bbox 366 2753 531 2836; x_wconf 83' lang='lat' dir='ltr'>Struma</span> <span class='ocrx_word' id='word_1_103' title='bbox 549 2777 589 2836; x_wconf 90' lang='lat' dir='ltr'>et</span> <span class='ocrx_word' id='word_1_104' title='bbox 614 2755 698 2842; x_wconf 77' lang='lat' dir='ltr'>lues</span> <span class='ocrx_word' id='word_1_105' title='bbox 716 2757 898 2836; x_wconf 87' lang='lat' dir='ltr'>Venerea</span> <span class='ocrx_word' id='word_1_106' title='bbox 926 2771 1232 2866; x_wconf 84' lang='lat' dir='ltr'>nonnunquam</span> <span class='ocrx_word' id='word_1_107' title='bbox 1256 2779 1357 2834; x_wconf 64' lang='lat' dir='ltr'>euru</span> 
     </span>
     <span class='ocr_line' id='line_1_18' title="bbox 309 2889 1357 3014; baseline -0.002 -39"><span class='ocrx_word' id='word_1_108' title='bbox 309 2895 407 2976; x_wconf 90' lang='lat' dir='ltr'>dem</span> <span class='ocrx_word' id='word_1_109' title='bbox 424 2893 636 2975; x_wconf 88' lang='lat' dir='ltr'>hominem</span> <span class='ocrx_word' id='word_1_110' title='bbox 655 2893 778 2976; x_wconf 88' lang='lat' dir='ltr'>simul</span> <span class='ocrx_word' id='word_1_111' title='bbox 797 2915 1019 3001; x_wconf 71' lang='lat' dir='ltr'>occupante</span> <span class='ocrx_word' id='word_1_112' title='bbox 1049 2894 1163 3000; x_wconf 76' lang='lat' dir='ltr'>qnod</span> <span class='ocrx_word' id='word_1_113' title='bbox 1191 2891 1267 3014; x_wconf 67' lang='lat' dir='ltr'>ulii</span> <span class='ocrx_word' id='word_1_114' title='bbox 1294 2889 1357 2992; x_wconf 81' lang='lat' dir='ltr'>fit,</span> 
     </span>
     <span class='ocr_line' id='line_1_19' title="bbox 311 3029 1306 3137; baseline -0.002 -27"><span class='ocrx_word' id='word_1_115' title='bbox 311 3031 433 3112; x_wconf 87' lang='lat' dir='ltr'>altera</span> <span class='ocrx_word' id='word_1_116' title='bbox 451 3029 612 3110; x_wconf 87' lang='lat' dir='ltr'>alterius</span> <span class='ocrx_word' id='word_1_117' title='bbox 633 3031 806 3113; x_wconf 91' lang='lat' dir='ltr'>nocendi</span> <span class='ocrx_word' id='word_1_118' title='bbox 825 3031 912 3116; x_wconf 87' lang='lat' dir='ltr'>vim</span> <span class='ocrx_word' id='word_1_119' title='bbox 931 3030 1157 3137; x_wconf 82' lang='lat' dir='ltr'>plurimum</span> <span class='ocrx_word' id='word_1_120' title='bbox 1175 3047 1306 3134; x_wconf 80' lang='lat' dir='ltr'>auget.</span> 
     </span>
    </p>

    <p class='ocr_par' dir='ltr' id='par_1_7' title="bbox 201 3164 1354 4372">
     <span class='ocr_line' id='line_1_20' title="bbox 365 3164 1354 3275; baseline -0.002 -29"><span class='ocrx_word' id='word_1_121' title='bbox 365 3167 567 3248; x_wconf 88' lang='lat' dir='ltr'>Tumores</span> <span class='ocrx_word' id='word_1_122' title='bbox 608 3167 899 3274; x_wconf 86' lang='lat' dir='ltr'>glandularum</span> <span class='ocrx_word' id='word_1_123' title='bbox 937 3165 1279 3275; x_wconf 83' lang='lat' dir='ltr'>lymphatitarum</span> <span class='ocrx_word' id='word_1_124' title='bbox 1307 3164 1354 3244; x_wconf 89' lang='lat' dir='ltr'>in</span> 
     </span>
     <span class='ocr_line' id='line_1_21' title="bbox 201 3299 1352 3410; baseline 0.001 -30"><span class='ocrx_word' id='word_1_125' title='bbox 201 3357 203 3379; x_wconf 82' lang='grc'><strong>.</strong></span> <span class='ocrx_word' id='word_1_126' title='bbox 306 3303 412 3383; x_wconf 45' lang='lat' dir='ltr'>&#39;collo</span> <span class='ocrx_word' id='word_1_127' title='bbox 431 3325 470 3382; x_wconf 87' lang='lat' dir='ltr'>et</span> <span class='ocrx_word' id='word_1_128' title='bbox 489 3303 614 3384; x_wconf 85' lang='lat' dir='ltr'>axillis</span> <span class='ocrx_word' id='word_1_129' title='bbox 637 3321 873 3385; x_wconf 83' lang='lat' dir='ltr'>manserunt</span> <span class='ocrx_word' id='word_1_130' title='bbox 887 3303 1033 3410; x_wconf 83' lang='lat' dir='ltr'>viginti</span> <span class='ocrx_word' id='word_1_131' title='bbox 1052 3299 1352 3388; x_wconf 78' lang='lat' dir='ltr'>annosimmu-</span> 
     </span>
     <span class='ocr_line' id='line_1_22' title="bbox 308 3437 1351 3551; baseline 0 -29"><span class='ocrx_word' id='word_1_132' title='bbox 308 3441 396 3542; x_wconf 89' lang='lat' dir='ltr'>tati,</span> <span class='ocrx_word' id='word_1_133' title='bbox 422 3441 502 3522; x_wconf 85' lang='lat' dir='ltr'>nisi</span> <span class='ocrx_word' id='word_1_134' title='bbox 521 3441 634 3548; x_wconf 88' lang='lat' dir='ltr'>quod</span> <span class='ocrx_word' id='word_1_135' title='bbox 663 3443 965 3551; x_wconf 87' lang='lat' dir='ltr'>aliquantulum</span> <span class='ocrx_word' id='word_1_136' title='bbox 993 3437 1226 3549; x_wconf 86' lang='lat' dir='ltr'>grandiores</span> <span class='ocrx_word' id='word_1_137' title='bbox 1253 3439 1351 3522; x_wconf 76' lang='lat' dir='ltr'>fatti</span> 
     </span>
     <span class='ocr_line' id='line_1_23' title="bbox 261 3578 1351 3686; baseline -0.002 -28"><span class='ocrx_word' id='word_1_138' title='bbox 261 3661 264 3666; x_wconf 78' lang='grc'>,</span> <span class='ocrx_word' id='word_1_139' title='bbox 309 3599 418 3678; x_wconf 87' lang='lat' dir='ltr'>sunt,</span> <span class='ocrx_word' id='word_1_140' title='bbox 438 3580 595 3686; x_wconf 82' lang='lat' dir='ltr'>quoties</span> <span class='ocrx_word' id='word_1_141' title='bbox 610 3578 741 3686; x_wconf 87' lang='lat' dir='ltr'>frigus</span> <span class='ocrx_word' id='word_1_142' title='bbox 753 3580 894 3662; x_wconf 81' lang='lat' dir='ltr'>fuisset</span> <span class='ocrx_word' id='word_1_143' title='bbox 913 3581 1137 3662; x_wconf 85' lang='lat' dir='ltr'>collectum.</span> <span class='ocrx_word' id='word_1_144' title='bbox 1158 3583 1351 3660; x_wconf 86' lang='lat' dir='ltr'>Attamen</span> 
     </span>
     <span class='ocr_line' id='line_1_24' title="bbox 307 3711 1351 3832; baseline -0.002 -36"><span class='ocrx_word' id='word_1_145' title='bbox 307 3715 386 3798; x_wconf 89' lang='lat' dir='ltr'>hoc</span> <span class='ocrx_word' id='word_1_146' title='bbox 404 3741 542 3798; x_wconf 82' lang='lat' dir='ltr'>rarum</span> <span class='ocrx_word' id='word_1_147' title='bbox 562 3735 631 3796; x_wconf 88' lang='lat' dir='ltr'>est.</span> <span class='ocrx_word' id='word_1_148' title='bbox 690 3717 855 3824; x_wconf 88' lang='lat' dir='ltr'>Saepius,</span> <span class='ocrx_word' id='word_1_149' title='bbox 883 3717 947 3800; x_wconf 83' lang='lat' dir='ltr'>vel</span> <span class='ocrx_word' id='word_1_150' title='bbox 972 3717 1167 3832; x_wconf 84' lang='lat' dir='ltr'>paulatim</span> <span class='ocrx_word' id='word_1_151' title='bbox 1185 3711 1351 3812; x_wconf 86' lang='lat' dir='ltr'>minuti,</span> 
     </span>
     <span class='ocr_line' id='line_1_25' title="bbox 243 3853 1346 3961; baseline -0.004 -25"><span class='ocrx_word' id='word_1_152' title='bbox 243 3873 245 3878; x_wconf 82' lang='lat'>&#39;</span> <span class='ocrx_word' id='word_1_153' title='bbox 305 3855 432 3936; x_wconf 89' lang='lat' dir='ltr'>modo</span> <span class='ocrx_word' id='word_1_154' title='bbox 466 3873 556 3959; x_wconf 85' lang='lat' dir='ltr'>post</span> <span class='ocrx_word' id='word_1_155' title='bbox 576 3853 731 3960; x_wconf 90' lang='lat' dir='ltr'>aliquot</span> <span class='ocrx_word' id='word_1_156' title='bbox 750 3879 920 3954; x_wconf 88' lang='lat' dir='ltr'>menses,</span> <span class='ocrx_word' id='word_1_157' title='bbox 947 3853 1073 3934; x_wconf 93' lang='lat' dir='ltr'>modo</span> <span class='ocrx_word' id='word_1_158' title='bbox 1092 3875 1182 3961; x_wconf 89' lang='lat' dir='ltr'>post</span> <span class='ocrx_word' id='word_1_159' title='bbox 1200 3875 1346 3960; x_wconf 82' lang='lat' dir='ltr'>pauoos</span> 
     </span>
     <span class='ocr_line' id='line_1_26' title="bbox 307 3987 1346 4096; baseline -0.004 -24"><span class='ocrx_word' id='word_1_160' title='bbox 307 4019 448 4092; x_wconf 84' lang='lat' dir='ltr'>annos,</span> <span class='ocrx_word' id='word_1_161' title='bbox 466 3987 694 4090; x_wconf 69' lang='lat' dir='ltr'>finiuntur,;</span> <span class='ocrx_word' id='word_1_162' title='bbox 715 3991 778 4070; x_wconf 90' lang='lat' dir='ltr'>vel</span> <span class='ocrx_word' id='word_1_163' title='bbox 796 3989 1120 4091; x_wconf 84' lang='lat' dir='ltr'>inflammantur,</span> <span class='ocrx_word' id='word_1_164' title='bbox 1137 4012 1178 4072; x_wconf 91' lang='lat' dir='ltr'>et</span> <span class='ocrx_word' id='word_1_165' title='bbox 1196 4017 1346 4096; x_wconf 87' lang='lat' dir='ltr'>suppu-</span> 
     </span>
     <span class='ocr_line' id='line_1_27' title="bbox 306 4125 1346 4236; baseline -0.002 -28"><span class='ocrx_word' id='word_1_166' title='bbox 306 4151 409 4209; x_wconf 84' lang='lat' dir='ltr'>rant.</span> <span class='ocrx_word' id='word_1_167' title='bbox 450 4127 650 4209; x_wconf 90' lang='lat' dir='ltr'>Tumores</span> <span class='ocrx_word' id='word_1_168' title='bbox 669 4127 916 4234; x_wconf 84' lang='lat' dir='ltr'>grandiores,</span> <span class='ocrx_word' id='word_1_169' title='bbox 935 4127 1174 4236; x_wconf 87' lang='lat' dir='ltr'>priusquam</span> <span class='ocrx_word' id='word_1_170' title='bbox 1193 4151 1234 4208; x_wconf 87' lang='lat' dir='ltr'>se</span> <span class='ocrx_word' id='word_1_171' title='bbox 1253 4125 1346 4207; x_wconf 89' lang='lat' dir='ltr'>sub·</span> 
     </span>
     <span class='ocr_line' id='line_1_28' title="bbox 305 4247 1345 4372; baseline -0.006 -25"><span class='ocrx_word' id='word_1_172' title='bbox 305 4263 469 4364; x_wconf 86' lang='lat' dir='ltr'>ducant,</span> <span class='ocrx_word' id='word_1_173' title='bbox 510 4247 717 4366; x_wconf 80' lang='lat' dir='ltr'>fatiscunt,</span> <span class='ocrx_word' id='word_1_174' title='bbox 756 4287 796 4346; x_wconf 90' lang='lat' dir='ltr'>et</span> <span class='ocrx_word' id='word_1_175' title='bbox 827 4265 873 4345; x_wconf 92' lang='lat' dir='ltr'>in</span> <span class='ocrx_word' id='word_1_176' title='bbox 901 4265 1111 4372; x_wconf 86' lang='lat' dir='ltr'>complura</span> <span class='ocrx_word' id='word_1_177' title='bbox 1138 4262 1345 4346; x_wconf 86' lang='lat' dir='ltr'>tubercula</span> 
     </span>
    </p>
   </div>
   <div class='ocr_carea' id='block_1_3' title="bbox 188 4403 1343 4516">
    <p class='ocr_par' dir='ltr' id='par_1_8' title="bbox 188 4403 1343 4516">
     <span class='ocr_line' id='line_1_29' title="bbox 188 4403 1343 4516; baseline 0.003 -37"><span class='ocrx_word' id='word_1_178' title='bbox 188 4469 191 4479; x_wconf 94' lang='lat'><em>.</em></span> <span class='ocrx_word' id='word_1_179' title='bbox 303 4431 426 4512; x_wconf 87' lang='lat' dir='ltr'>parva</span> <span class='ocrx_word' id='word_1_180' title='bbox 444 4404 716 4508; x_wconf 81' lang='lat' dir='ltr'>resolvuntur,</span> <span class='ocrx_word' id='word_1_181' title='bbox 733 4432 831 4494; x_wconf 85' lang='lat' dir='ltr'>cum</span> <span class='ocrx_word' id='word_1_182' title='bbox 848 4405 927 4489; x_wconf 81' lang='lat' dir='ltr'>levi</span> <span class='ocrx_word' id='word_1_183' title='bbox 942 4405 1159 4516; x_wconf 85' lang='lat' dir='ltr'>prurigine.</span> <span class='ocrx_word' id='word_1_184' title='bbox 1189 4403 1343 4486; x_wconf 87' lang='lat' dir='ltr'>Tumo-</span> 
     </span>
    </p>
   </div>
   <div class='ocr_carea' id='block_1_4' title="bbox 0 0 1530 5084">
    <p class='ocr_par' dir='ltr' id='par_1_9' title="bbox 0 0 1530 5084">
     <span class='ocr_line' id='line_1_30' title="bbox 0 0 1530 5084; baseline 0 4"><span class='ocrx_word' id='word_1_185' title='bbox 0 0 1530 5084; x_wconf 95' lang='lat' dir='ltr'> </span> 
     </span>
    </p>
   </div>
  </div>
 </body>
</html>
