3104 5084
346 677 516 764 possunt
528 654 698 765 quidem
709 651 808 738 oriri
818 683 867 740 ex
878 652 1024 744 infimo
1031 653 1164 764 gradu
1176 647 1375 764 cujusdam

347 818 474 876 causa
489 793 735 904 paralyticae
765 787 864 876 cum
874 820 972 876 vero
980 792 1073 875 haec
1085 794 1225 876 omnia
1235 782 1378 902 perho-

345 929 469 1012 minis
485 951 644 1013 aetatem
653 928 809 1013 fuerint
823 931 909 1014 eine
920 931 1068 1040 quovis
1081 931 1191 1012 malo
1205 930 1378 1038 grarime

316 1066 643 1178 'subsequente3
665 1161 668 1168 ¹
689 1068 765 1152 etsi
803 1069 942 1152 locum
981 1067 1161 1178 aliquem
1199 1068 1380 1170 cautioni,

347 1209 511 1290 nullum
525 1228 663 1290 tamen
674 1206 818 1288 terrori
828 1205 923 1289 dare
937 1205 1098 1290 debent.
1143 1206 1380 1308 Flammula,

329 1347 412 1427 ,vel
440 1343 609 1443 maculae
640 1341 782 1450 nigra,
810 1341 866 1424 ob
884 1342 1023 1431 oculor
1042 1342 1153 1444 risa,
1181 1342 1381 1428 interdurn

347 1501 634 1592 praecesserunt
670 1479 936 1588 apoplexiam,
972 1480 1216 1590 plerumque
1253 1505 1380 1564 tamen

346 1647 509 1730 pamm,
535 1631 607 1702 aut
638 1621 725 1700 n'on
757 1617 929 1700 omnino
961 1617 1166 1726 pertinent
1192 1620 1248 1702 ad
1278 1621 1381 1702 hunt

346 1759 563 1859 morbum3
591 1752 690 1840 sunt
703 1755 816 1838 enirn
830 1755 1046 1864 saepissime
1064 1756 1189 1840 solius
1204 1759 1311 1841 oculi
1327 1755 1382 1840 af·

345 1896 490 1997 fectus,
502 1895 607 1978 dum
624 1893 833 2002 reliquum
847 1919 993 2001 corpus
1012 1915 1117 1976 recte
1137 1897 1254 1978 valet.
1311 1897 1382 1976 Ea·

347 2033 531 2118 crucians
549 2031 667 2114 dolor
685 2031 927 2114 lumborum
938 2056 1040 2140 sape
1059 2032 1270 2116 antecessit
1283 2059 1380 2118 reso·

347 2172 547 2254 lurionem
565 2191 732 2253 artuum
750 2167 1005 2252 inferiuntm.

402 2309 491 2392 Ubi
504 2307 623 2416 stirps
638 2329 678 2390 et
692 2308 923 2390 communis
935 2307 1050 2414 origo
1062 2333 1286 2390 nervorum
1298 2303 1383 2388 laesa

347 2447 484 2548 fuerit,
511 2445 572 2526 ibi
597 2444 737 2528 omnia
754 2471 898 2526 eorum
926 2439 1058 2526 officia
1084 2447 1379 2550 perturbantur.

347 2583 492 2666 Nervis
506 2603 657 2682 autern,
682 2581 757 2690 qui
779 2581 933 2688 proprii
952 2603 1049 2662 sunt
1067 2582 1190 2688 partit
1221 2583 1382 2692 alicujus

348 2721 539 2820 advitam
554 2719 692 2800 minus
708 2719 949 2818 necessariae,
960 2747 1062 2826 sape
1077 2717 1125 2800 fit
1138 2719 1303 2828 injuria,
1316 2745 1384 2802 rae·

347 2849 443 2947 teris
462 2855 656 2938 omnibus
671 2853 885 2950 inviolatis.
945 2855 997 2936 lis
1012 2856 1086 2963 qui
1099 2856 1205 2940 inter
1221 2875 1383 2964 agrotos

348 3016 573 3095 versantur,
600 2991 802 3100 contingit
820 2991 955 3078 ridere
973 2993 1210 3078 innumeros
1240 2993 1382 3104 gradus

348 3129 604 3215 resolutionis
616 3155 838 3212 nervorum
849 3129 901 3212 ab
916 3155 1047 3237 usque
1059 3152 1221 3238 torpore
1240 3159 1311 3214 seu
1322 3130 1385 3212 de·

346 3269 502 3352 bilitate
521 3267 680 3350 articuli
697 3265 822 3348 unius
852 3265 971 3374 digiti
990 3266 1042 3348 ad
1061 3289 1385 3350 consummatam

349 3409 613 3516 apoplexiam,
639 3408 788 3516 inqua
818 3431 955 3488 sensus
975 3429 1014 3488 et
1042 3429 1179 3488 motus
1201 3435 1274 3515 per
1298 3405 1383 3490 uni·

349 3573 513 3628 versum
527 3564 872 3652 corpuspereunt3
896 3533 1018 3650 atque
1029 3541 1191 3626 infinita
1201 3567 1262 3628 est
1273 3543 1388 3626 sans

286 3701 289 3710 '
318 3669 321 3676 ¹
349 3681 664 3791 paralyticorum
679 3681 896 3781 malorum,
915 3707 1007 3788 quae
1020 3681 1105 3762 haec
1116 3681 1201 3764 duo
1212 3703 1386 3764 extrema

347 3820 594 3928 interjacent.
654 3803 834 3900 Musculi
862 3819 966 3900 labri
993 3812 1196 3902 inferioris
1224 3811 1383 3902 resoluti

346 3957 530 4059 fuerunt,
555 3957 661 4038 dum
691 3955 897 4062 reliquum
936 3981 1082 4064 corpus
1118 3955 1261 4068 sinrilis
1295 3950 1385 4036 mali
1515 3935 1516 3987 l

348 4123 512 4204 prorsus
524 4115 626 4176 esset
636 4111 786 4200 expers.
831 4092 946 4177 Idem
956 4093 1165 4176 interdum
1181 4093 1386 4202 patiuntur
1514 4081 1515 4088 ‘

349 4232 547 4340 palpebra
566 4230 742 4332 alterius,
760 4231 824 4311 vel
839 4229 1055 4338 utriusque
1076 4231 1195 4314 oculi,
1253 4228 1386 4311 Multo
1514 4233 1515 4280 l

349 4371 492 4478 saepius
510 4369 697 4452 laborant
714 4367 891 4453 musculi
910 4367 1093 4479 loquelae,
1116 4367 1226 4451 unde
1245 4391 1325 4452 vox
1341 4359 1387 4444 stt
