2990 5078
618 459 682 556 81

132 691 306 778 quorum
319 663 444 752 'facies
462 663 586 752 altera
608 693 788 752 convexa
806 692 904 773 erat,
936 671 1058 754 altera
1076 699 1172 757 oon-

129 835 231 892 cava
288 809 444 890 Interea
455 806 519 889 vir
537 805 618 910 hic,
632 809 946 915 quemlmorbns
966 811 1041 894 diu
1055 812 1170 894 domi

128 947 363 1046 detinuerat,
383 944 472 1052 jam
490 945 645 1053 patiens
664 971 747 1027 esee
766 945 943 1029 vehiculi
962 951 1101 1058 coepit,
1128 973 1169 1034 et

128 1111 192 1190 per
209 1084 378 1166 ultimos
392 1083 487 1166 vitae
502 1103 629 1164 annos
649 1107 797 1192 parum
811 1085 962 1168 doloris
977 1112 1164 1196 expertus

123 1241 194 1322 est3
221 1221 316 1302 iicet
344 1241 461 1304 antea
487 1221 646 1302 crebras
674 1249 720 1302 ac
746 1221 1002 1306 vehementes
1036 1251 1165 1314 acces-

119 1358 247 1444 siones
264 1355 348 1466 pati
359 1359 500 1440 solitus
514 1377 609 1450 erat.
653 1357 909 1472 Quanquam
922 1383 1060 1443 autem
1072 1386 1162 1446 tan·

121 1494 318 1604 tushujus
330 1495 616 1578 medicamenti
628 1497 776 1578 modus
790 1519 850 1578 tot
862 1525 989 1580 annos
999 1525 1160 1583 sumtus

119 1631 297 1717 multum
316 1661 410 1716 sane
428 1633 572 1741 egisset
586 1633 639 1714 ad
656 1635 934 1742 mitigandum
947 1639 1159 1740 morbum,

119 1769 296 1854 multum
315 1793 452 1853 tamen
471 1759 675 1879 supererat
686 1773 908 1878 agendum:
938 1797 1028 1880 post
1047 1801 1158 1858 mor·

117 1931 192 1992 tem
219 1912 339 2018 enim
360 1911 513 2018 reperti
541 1933 639 1992 sunt
668 1910 713 1990 in
732 1911 862 1992 vesica
889 1911 975 1994 duo
998 1915 1155 2016 calculi,

118 2073 293 2155 quorum
309 2049 438 2156 major
453 2048 653 2155 pendebat
667 2073 793 2154 grana
808 2069 986 2156 quatuor
997 2073 1037 2131 et
1052 2079 1155 2158 qua·
1254 2083 1256 2096 ·

117 2185 321 2294 mingens,
350 2181 486 2266 minor
505 2207 642 2266 autem
660 2201 827 2266 centum
856 2187 1024 2290 triginta
1041 2189 1125 2270 duo
1140 2225 1151 2288 ;

116 2315 204 2405 item
218 2325 405 2406 renalter
419 2323 581 2404 calculis
598 2323 739 2429 plenus
752 2344 846 2404 erat.
891 2324 1080 2406 Dubium
1092 2349 1152 2408 est

116 2488 211 2568 aqua
229 2461 315 2542 kali
334 2459 440 2567 puri,
468 2481 508 2541 et
526 2487 636 2566 aqua
653 2459 785 2559 calcis,
813 2459 1003 2542 adversus
1019 2465 1150 2543 calcu·
1178 2505 1181 2514 .

114 2598 164 2678 los
178 2627 328 2680 renum
343 2597 512 2704 prosint,
531 2623 668 2678 necne.
729 2597 942 2710 Quaeritur
960 2601 1083 2678 etiam
1095 2629 1148 2681 an

114 2763 199 2817 usus
208 2737 364 2818 horum
374 2735 648 2816 remediorum
657 2735 871 2815 intermitti
880 2735 1035 2836 debeat,
1044 2767 1147 2844 quo·
1162 2825 1164 2832 ,

112 2869 174 2952 ties
188 2858 313 2954 urina
323 2893 382 2952 est
400 2888 579 2972 cruenta,
597 2891 668 2951 aur
683 2897 789 2950 nova
803 2871 983 2953 nascitur
994 2873 1144 2955 doloris

110 3011 298 3110 accessio;
327 3009 505 3090 necdum
531 3008 644 3120 enim
671 2992 829 3088 constat
858 3009 1021 3088 urinam
1049 3011 1145 3092 inde

109 3143 187 3226 fieti
205 3147 419 3244 acriorem,
436 3146 493 3226 sic
512 3167 560 3224 ut
570 3165 771 3250 exasperet
790 3144 874 3225 haec
894 3145 1009 3225 mala
1068 3149 1143 3228 At-

107 3303 247 3384 tamen,
267 3311 367 3364 cum
386 3281 661 3364 accessionum
680 3304 864 3388 tempora
892 3309 1039 3388 paucos
1059 3285 1141 3366 fere
1252 3331 1254 3340 J

104 3417 178 3502 dies
197 3449 285 3504 non
303 3408 517 3520 excedunt,
544 3445 723 3526 cumque
743 3421 820 3500 alia
845 3421 1139 3504 medicamenta

104 3579 193 3639 tuuc
211 3558 434 3639 necessaria
453 3577 563 3656 sunt,
590 3557 718 3637 tutius
739 3557 982 3637 omittentur
1009 3559 1138 3640 donec

102 3695 160 3776 isti
171 3695 702 3801 tumultusconquieverint.
733 3694 949 3806 Quamdiu
960 3697 1138 3778 sumitur

102 3857 198 3940 aqua
215 3833 350 3934 calcis,
378 3855 574 3938 antequa
602 3831 683 3911 kali
701 3832 808 3938 puri,
836 3832 1019 3940 plerique
1044 3835 1138 3916 soli·

100 3971 167 4053 cite
184 3993 369 4054 caventa
387 3968 487 4051 cibis
506 3967 824 4076 potionibusque
839 3969 976 4070 acidis,
992 3999 1045 4052 ne
1061 3973 1136 4052 sci-

99 4107 183 4188 licet
198 4109 290 4190 vim
309 4105 703 4197 medicamentorum
731 4105 932 4188 hebetent
990 4107 1135 4188 Nescio
1175 4149 1176 4152 κ

98 4263 228 4326 tamen
245 4271 301 4325 an
313 4242 469 4324 fuerint
474 4241 588 4349 justo
604 4243 803 4324 severiora
814 4243 1068 4360 medicorum
1082 4244 1133 4326 de

97 4373 165 4461 luc
183 4405 225 4463 re
244 4384 452 4488 precepta
511 4381 691 4462 Facultas
721 4381 833 4462 enim
851 4379 1135 4489 concoquendi

599 4543 627 4598 e

578 4609 594 4641 .
