2990 5078
137 676 272 761 minor
289 703 385 776 esse,
404 655 532 782 quadr
552 655 733 780 potione:
764 699 837 752 nec
854 693 990 752 tamen
1010 695 1100 752 raro
1132 663 1180 752 fit

137 837 182 896 ut
200 815 244 894 in
263 813 374 894 diem
393 839 528 892 unum
547 811 679 890 multo
705 803 877 916 parciori
904 809 1019 915 copia
1037 808 1180 889 redda-

135 972 225 1049 tur3
255 949 465 1030 interdum
486 946 685 1054 peridem
705 945 882 1052 spatium
913 973 1031 1052 super
1050 945 1181 1052 potio-

135 1113 236 1168 num
265 1085 442 1166 modum
462 1083 675 1191 mingitur,
703 1103 742 1162 et
762 1081 885 1162 simul
912 1075 959 1162 fit
978 1083 1107 1164 diluta
1135 1111 1181 1165 ac

135 1223 281 1324 tenuis,
310 1223 455 1321 colore,
484 1247 636 1326 sapore,
663 1240 703 1300 et
722 1219 845 1299 odore
873 1219 955 1300 fere
975 1220 1091 1302 omni
1116 1249 1183 1330 ex-

135 1388 233 1470 pers.
293 1359 472 1440 Urinam
494 1358 539 1438 in
568 1357 725 1474 diabete
746 1380 885 1438 omnes
917 1379 1072 1438 norunt
1100 1387 1183 1440 esse

134 1500 377 1606 plerumque
393 1495 543 1602 saporis
559 1493 690 1575 mellei
704 1528 715 1594 ς
744 1515 882 1576 tamen
901 1493 945 1574 in
960 1495 1182 1598 nonnullis,

136 1637 207 1746 qui
227 1662 327 1717 vero
341 1633 498 1714 diabete
513 1631 765 1731 laborabant,
779 1631 899 1712 urina
911 1631 1014 1710 mihi
1028 1633 1111 1713 visa
1124 1657 1183 1716 est

136 1775 270 1884 potius
291 1771 419 1872 fatua,
446 1793 485 1851 et
504 1791 629 1876 gustu
655 1768 769 1849 omni
787 1768 991 1869 destituta,
1020 1793 1183 1877 propter

137 1907 436 1990 abundantiam
452 1906 668 2013 potionum
685 1905 837 2012 quibus
854 1933 893 1986 se
909 1905 1192 2012 ingurgitave·'

136 2070 238 2128 rant.
300 2045 409 2126 Novi
427 2043 591 2124 urinam
605 2043 650 2122 in
664 2041 820 2123 diabete
839 2043 902 2124 bis
922 2043 1096 2124 modum
1111 2073 1183 2152 po-

137 2184 304 2264 tionum
332 2181 571 2287 implevisse.
630 2180 713 2260 Hic
738 2180 908 2261 morbus
938 2181 1063 2263 modo
1093 2163 1183 2290 gra-

137 2322 238 2422 vior,
258 2319 386 2400 modo
401 2319 540 2418 levior,
558 2318 695 2398 intres
711 2345 837 2398 annos
853 2319 1079 2426 etamplius
1096 2347 1185 2426 per·
1280 2315 1285 2326 ’

138 2455 352 2554 severavit;
381 2477 421 2536 et
432 2455 567 2534 denuo
580 2481 759 2534 reversus
772 2475 831 2534 est
842 2477 1060 2562 postquam
1073 2453 1184 2537 finiri

139 2620 306 2704 prorsus
325 2591 435 2672 visus
450 2613 561 2670 esset.
991 2684 993 2692 Ι

110 2809 113 2816 ,
192 2723 453 2809 Profluvium
470 2727 599 2806 urinae
619 2725 770 2806 diabeti
789 2753 940 2808 nomen
959 2727 1095 2835 dedit3
1125 2751 1184 2813 at-

142 2868 290 2973 quein
317 2865 387 2946 illo
407 2884 551 2944 natura
569 2863 654 2970 ejus
689 2863 886 2944 contineri
909 2866 1183 2950 existimatur:

140 3004 276 3084 nescio
289 3029 384 3082 vero
397 3001 533 3082 sitisne
546 3001 597 3080 sit
609 3001 786 3079 maxima
797 3001 932 3116 morbi
945 3029 1046 3108 pars.
1106 3005 1186 3085 Ta·

141 3125 236 3222 men
255 3167 391 3247 neque
410 3137 619 3245 glandulas
650 3137 840 3238 salivales,
859 3165 991 3246 neque
1011 3167 1122 3221 renes
1141 3141 1186 3222 in

140 3279 259 3385 culpa
279 3305 361 3359 esse
389 3275 644 3375 crediderim,
662 3301 807 3355 verum
826 3276 948 3356 ambo
967 3275 1052 3358 haec
1072 3276 1188 3386 signa

142 3415 240 3496 oriri
266 3441 316 3496 ex
344 3413 469 3495 totius
498 3411 675 3518 corporis
696 3413 998 3518 perturbatione
1021 3443 1044 3494 a
1072 3415 1187 3521 gravi

143 3553 327 3658 quodam
341 3551 450 3630 malo
462 3547 654 3658 profecta,
668 3577 797 3657 eoque
812 3551 857 3630 in
871 3549 1038 3632 diversis
1053 3551 1188 3634 homi-

142 3687 264 3768 nibus
280 3685 449 3768 fortasse
463 3684 665 3767 diverso*.
725 3685 920 3787 Seniores,
934 3709 973 3768 et
987 3687 1188 3771 infirmio-
1214 3675 1229 3699 ⁶

62 3849 65 3856 ’
143 3847 216 3922 res,
236 3823 441 3932 praecipue
461 3821 685 3932 opportuni
698 3844 794 3904 sunt
812 3822 909 3904 huic
929 3823 1115 3928 affectui3
1143 3827 1189 3942 in
1205 3811 1218 3830 ⁴

182 4087 351 4166 *iuvenis
364 4095 423 4172 'qui
444 4113 516 4155 vero
539 4095 654 4155 diabete
673 4097 738 4175 jam
762 4115 873 4155 annum
895 4095 1090 4167 laboraverat,
1109 4097 1191 4158 febre

147 4208 232 4256 acuta
244 4213 395 4278 correptus
414 4197 509 4278 periit.
550 4197 695 4268 Cadaver,
714 4218 783 4258 cum
797 4182 1016 4280 diligentissime
1033 4200 1191 4262 lustratum

148 4311 198 4373 ast,
208 4297 279 4360 nihil
290 4299 351 4360 fere
365 4315 467 4362 contra
476 4317 614 4364 naturam
624 4301 763 4362 exhibuit.
796 4301 891 4362 Renes
901 4315 983 4362 erant
994 4303 1134 4383 sanguine
1144 4305 1192 4366 vix

149 4415 248 4462 coacto
261 4401 351 4482 paulo
364 4402 545 4492 pleniusculi,
554 4417 584 4464 et
597 4401 725 4465 vesicula
737 4401 811 4463 sellis
824 4423 941 4484 prorsus
951 4423 1053 4465 vacua.
1094 4405 1134 4466 E.
