3016 5076
155 752 358 858 superiore
376 769 488 856 parte
507 747 591 830 fere
609 747 656 830 in
672 747 959 830 membranam
979 751 1138 850 ceierae,
1157 748 1202 834 in

154 888 352 969 inferiore
365 913 488 966 muco
504 885 677 994 similior
695 905 790 966 erat.

160 1067 170 1078 ·
205 1026 271 1104 Ex
288 1025 337 1104 iis
359 1051 450 1130 quae
466 1023 517 1104 de
535 1022 650 1104 febre
661 1023 800 1122 rubra,
818 1041 861 1102 et·
873 1021 1203 1128 angina‚-memo-

152 1185 240 1246 rata
251 1181 361 1261 sunt,
372 1162 492 1266 longe
503 1187 600 1241 vero
613 1159 873 1240 simillimum
884 1159 1058 1259 videtur,
1069 1181 1206 1243 unum

152 1298 413 1406 'eundemque
432 1279 641 1397 merbum‚
667 1295 759 1396 hoc,
778 1299 842 1378 vel
861 1298 933 1378 illo
950 1297 1118 1380 nomine
1136 1325 1206 1406 ap·

153 1437 350 1546 pellatmn
367 1433 507 1534 fuisse,
526 1455 650 1542 prout
668 1433 819 1515 indicia
837 1435 1028 1515 alterutra
1041 1435 1205 1541 gravius

153 1573 431 1656 incubuerim
490 1574 553 1653 De
582 1597 668 1679 quo
687 1563 811 1652 etian'r
839 1571 883 1652 id
903 1597 977 1652 nos
1003 1571 1101 1653 facit
1122 1601 1206 1654 cer-

155 1712 292 1812 tiores,
321 1709 435 1818 quod
454 1710 577 1790 ambo
595 1735 679 1790 una
698 1735 855 1815 semper
881 1706 989 1789 fiunt
1007 1710 1203 1815 vulgares.

154 1853 294 1957 Atque
305 1847 391 1928 baec
402 1847 545 1954 procul
557 1846 688 1930 dubio
699 1847 836 1928 vincet
848 1845 1057 1947 sententia,
1080 1847 1206 1928 modo

155 1987 260 2070 illud
274 1985 532 2084 concedatur,
551 1984 682 2090 cujus,
701 1982 747 2063 ni
760 1982 891 2083 fallor,
906 1983 989 2090 ipse
1005 1984 1114 2070 testis
1129 1983 1207 2086 fui,

153 2123 359 2206 nimirum
376 2121 482 2202 inter
501 2121 636 2228 plures
650 2147 797 2226 pueros
813 2141 852 2200 et
869 2120 1034 2227 puellas,
1053 2121 1140 2227 qui,
1158 2143 1207 2204 ut

157 2287 260 2367 saepe
272 2257 334 2358 fit,
348 2259 392 2338 in
403 2258 497 2339 unis
514 2257 668 2338 aedibu's
683 2255 806 2337 simul
819 2256 992 2363 correpti
1008 2275 1117 2358 sunt,
1131 2254 1205 2340 hos

19 2505 22 2512 ⁴
156 2396 316 2480 febrem
335 2397 517 2496 rubram,
540 2394 629 2475 illos
649 2421 746 2476 vero
774 2393 968 2500 anginam
986 2391 1111 2474 fuisse
1139 2423 1207 2476 ex-

157 2557 303 2643 pertos.
333 2535 507 2632 Verum,
518 2554 565 2612 ut
580 2532 756 2614 maxime
767 2531 922 2612 fuerint
936 2529 980 2612 hi
994 2533 1131 2612 morbi
1143 2533 1207 2612 di-

158 2671 277 2770 sersi‚
303 2679 396 2750 men
420 2668 589 2778 quidem
608 2657 779 2774 judicio,
804 2667 1033 2774 utriusque
1050 2669 1206 2750 curatio

159 2807 302 2890 eedem
334 2833 417 2888 esse
451 2807 595 2906 debet3
625 2805 658 2886 si
691 2804 888 2910 exceperis
921 2803 989 2884 illa
1017 2805 1207 2907 remedia,
1306 2909 1309 2914 Ι

160 2971 267 3055 quae,
294 2965 344 3026 ut
362 2943 613 3054 quibusdem
632 2943 769 3023 visum
798 2963 870 3042 est,
896 2939 1083 3024 faucibus
1104 2966 1206 3039 ¹sunt

159 3083 429 3166 admovenda.

214 3221 342 3302 Paulo
359 3221 488 3328 magis
517 3221 696 3321 interest,
713 3221 781 3302 hic
801 3218 979 3321 affectus,
1007 3241 1207 3329 tanquam

160 3357 336 3458 seriolae,
349 3385 619 3466 nunquamne
639 3379 800 3464 repetat.
851 3359 1054 3468 Equidem
1069 3359 1206 3442 nuilus

162 3493 311 3576 dubito
338 3494 442 3604 quin
455 3473 651 3576 ⁸nonnulli
666 3495 730 3576 bis
750 3497 821 3576 illo
839 3494 994 3580 fuerint
1007 3497 1205 3602 impliciti.

62 3635 68 3646 ’
161 3633 274 3713 Patet
296 3653 434 3713 tamen
455 3631 532 3714 hoc
562 3658 653 3713 raro
672 3630 773 3732 fieri,
803 3659 900 3714 cum
919 3633 1032 3714 aliter
1059 3633 1208 3748 intem

162 3767 324 3875 vulgari
353 3769 502 3852 morbo
535 3769 711 3850 secunda
739 3768 927 3877 contagio
956 3797 1041 3850 non
1070 3769 1208 3850 minus

163 3928 395 4004 certaesset‚
406 3933 532 4015 quam
544 3908 589 3986 in
601 3906 745 4006 scabie,
759 3927 829 3988 aut
842 3907 1207 4000 morbisVenereis.

153 4125 163 4146 ,
210 4039 393 4152 'Aliquos
412 4044 550 4124 curavi
570 4043 742 4144 adultos,
761 4043 835 4150 qui
854 4071 955 4149 saepe
972 4043 1104 4126 vexati
1122 4041 1212 4122 fue-

166 4203 263 4263 runt
274 4181 413 4262 dolore
421 4179 618 4280 faucium,
629 4203 668 4262 et
686 4179 903 4262 ulcusculis
923 4206 1086 4287 prorsus
1099 4179 1212 4258 simi-

166 4317 273 4400 libus
288 4315 366 4400 illis
385 4345 476 4426 quae
488 4319 533 4399 in
553 4319 703 4424 angina
716 4339 950 4402 nascuntur.
980 4317 1138 4396 Tamen
1153 4315 1213 4397 fe·

168 4451 252 4538 bris
270 4457 335 4540 rel
353 4457 478 4560 nulla,
497 4456 561 4539 rel
572 4456 781 4540 .levissima
799 4453 893 4556 fuit,
920 4475 961 4536 et
979 4455 1090 4536 color
1107 4454 1211 4540 cutia
