2990 5078
635 445 732 544 103

172 647 674 740 ·Omnibusinconfesso
687 653 918 754 estmalnm
932 653 1200 760 corporisba-
1314 665 1318 672 '

157 783 292 874 bitum
302 787 413 870 varia
424 786 529 871 cutis
544 785 641 871 vitia
656 786 820 888 inferro
849 811 902 889 et,
919 791 982 873 uti
998 791 1191 898 suspicor,

156 947 247 1028 quae
277 921 477 1030 principio
506 945 620 1024 erant
647 924 750 1006 cutis
780 925 903 1008 solius
931 925 1108 1032 injurios,
1135 953 1190 1008 eae

155 1057 322 1144 taudem
338 1059 645 1145 communicate
672 1083 769 1146 sunt
787 1089 885 1145 cum
912 1089 1078 1168 corpore
1095 1062 1191 1144 uni-
1268 1061 1271 1078 '

154 1221 283 1278 verso.
329 1196 430 1278 Vidi
448 1198 560 1291 enim
576 1199 757 1308 exempla
774 1200 878 1282 cutis
897 1200 1106 1300 ambrum,
1118 1222 1191 1283 aut
1334 1251 1339 1262 ·

152 1331 311 1434 soliisae,
340 1361 468 1442 quam,
485 1357 619 1426 secute
643 1357 740 1420 sunt
766 1335 880 1442 signs
904 1338 1043 1421 omnia
1070 1338 1185 1422 istius

152 1467 329 1570 habitus,
355 1457 432 1578 ¹qui
449 1472 576 1578 vulgo
593 1473 813 1580 appellatur
832 1473 1096 1574 scorbuticus,
1123 1474 1189 1554 vel

154 1627 395 1708 strumosus,
422 1613 663 1718 quanquarn'
686 1609 873 1690 valetudo
903 1631 1019 1692 antea
1047 1609 1189 1692 fuisset
1308 1713 1314 1732 „

153 1745 422 1850 integerrime.
479 1746 528 1826 In
546 1745 631 1828 aliis
650 1745 772 1830 etiarn
791 1745 877 1826 vidi
899 1745 1063 1828 morbos
1083 1746 1188 1826 cutis

154 1881 253 1964 adeo
271 1907 357 1965 non
375 1881 571 1988 profuisse
583 1881 818 1981 valetudini,
835 1902 883 1962 ut
894 1907 1031 1962 secum
1046 1881 1189 1964 attule-

154 2017 238 2104 rint
247 2017 474 2124 languores,
483 2041 523 2102 et
534 2018 672 2126 capitis
684 2018 939 2126 dolores5qui
951 2018 1073 2100 simul
1084 2047 1189 2100 sem.

152 2181 223 2262 per
241 2177 502 2254 uccoeoerunt,
528 2155 873 2262 decesserantque.
930 2157 1030 2238 Haec
1049 2179 1187 2244 autem

150 2291 305 2380 rariora
322 2315 428 2376 sunt.
458 2293 596 2378 Multo
608 2293 750 2400 saepius
766 2290 826 2393 fit,
836 2263 899 2392 ιιι,Ι
908 2293 1078 2402 pustulis
1093 2321 1187 2389 ena-2

152 2429 216 2530 tis,
234 2450 370 2510 totum
383 2457 527 2536 corpus
542 2429 708 2530 leretur,
723 2452 924 2539 ,tanquam
941 2429 1057 2530 illud,
1071 2431 1187 2538 quic·-

153 2563 644 2672 quidnooebaeincutem
652 2587 882 2656 verteretur.
915 2565 1042 2678 Quod
1050 2567 1083 2648 si
1090 2593 1186 2672 pus-

153 2702 246 2786 tulae
261 2703 324 2784 vel
343 2701 590 2788 recessissent
603 2703 725 2804 utro,
741 2703 805 2786 vel
817 2703 982 2809 repulere
1001 2701 1186 2806 fuissent,

151 2838 336 2946 protinus
350 2839 627 2927 incubuerunt
637 2838 792 2923 dolores
807 2839 1003 2946 incapite,
1017 2839 1186 2946 vertigo,

151 2975 322 3080 languor
349 2973 489 3076 animi,
516 2974 667 3081 vigilis,
693 2975 827 3075 tussis,
853 2972 936 3056 cibi
960 2972 1184 3080 fastidium,

150 3111 271 3194 ardor
289 3109 499 3212 stomachi,
525 3107 696 3212 inflatio,
713 3139 873 3210 nausea,
900 3136 1066 3218 angores
1086 3139 1183 3192 ven·

151 3249 240 3350 uis,
262 3249 419 3334 dolores
445 3248 552 3356 rn'gi,
579 3247 787 3348 febricula,
814 3267 854 3328 et
879 3245 1036 3328 macies.
1094 3249 1183 3328 Du·

149 3387 268 3470 bium
280 3385 628 3485 estinnonnullis‚
638 3383 808 3484 asthma,
819 3382 1004 3490 phthisis,
1015 3405 1055 3464 et
1069 3411 1183 3490 para·

148 3523 259 3632 lysis,
276 3522 483 3607 referenda
510 3522 593 3608 sint
609 3522 663 3606 ad
680 3521 779 3604 vitia
796 3520 899 3604 cutis
927 3520 1037 3605 intus
1058 3548 1184 3624 versa,

147 3685 200 3745 an
218 3681 393 3765 utreque
403 3685 567 3745 causam
578 3657 796 3746 habuerint
807 3681 1081 3740 communem.
1113 3659 1184 3762 Et:

147 3796 266 3878 enim·
277 3793 366 3878 fieri
378 3817 527 3914 potest,
543 3817 593 3881 ut
610 3823 730 3902 grave
747 3794 914 3902 aliquod
932 3793 1089 3878 malum
1106 3801 1185 3881 un}

148 3932 361 4042 docunque
380 3932 602 4032 invectum,
626 3931 728 4014 vires
749 3930 925 4039 corporis
949 3929 994 4010 in
1022 3951 1185 4023 tantum

149 4067 350 4168 afflixerit,
360 4091 407 4152 ut
418 4069 591 4174 anplius
600 4067 1006 4153 nonraleatselevare
1019 4065 1186 4170 aegritu·

150 4203 335 4306 dineifla,
349 4233 475 4322 quam
488 4205 535 4289 iu
549 4226 685 4293 cutem
697 4203 875 4310 trajicere
889 4199 1169 4284 consuevisset.

195 4343 362 4432 Humor
371 4341 444 4456 qui
453 4341 533 4424 exit
541 4363 632 4454 post
645 4367 759 4462 aures
772 4363 992 4448 puerorum
1004 4363 1073 4446 per
1086 4363 1186 4444 que-
