3016 5076
801 511 867 608 10

299 720 442 804 mendi
456 719 667 828 pituitam:
687 719 806 802 aiunt
818 715 932 800 enim
943 716 1032 802 vim
1045 719 1296 829 mingendi
1309 723 1357 812 in

300 859 380 942 hoc
394 856 543 940 cortice
560 879 719 940 tantam
733 884 832 956 esse,
845 876 898 938 ut
912 853 1052 957 fibras,
1070 885 1163 966 quae
1179 859 1357 950 inomni

299 992 627 1078 inflammatione
654 992 778 1080 nimis
797 993 1039 1094 tenduntur,
1067 995 1202 1080 adhuc
1224 997 1355 1106 magii

298 1132 499 1234 intendat,
515 1129 794 1240 impediatque
812 1157 864 1214 ne
882 1129 1069 1214 faucium
1087 1153 1127 1214 et
1146 1134 1355 1240 pulmonis

298 1270 549 1354 membranae
579 1267 773 1377 pituitam
804 1269 1015 1376 expellant.
1074 1270 1154 1354 Cui
1182 1271 1358 1380 quidem

298 1406 508 1508 doctrina,
536 1404 630 1488 satis
659 1405 859 1512 speciosa,
884 1405 931 1486 in
964 1405 1111 1504 scholis
1140 1407 1356 1492 medicinae

298 1543 471 1628 forsitan
486 1543 751 1644 assentimur3
771 1570 868 1626 cum
879 1565 1018 1628 autem
1032 1543 1085 1626 ad
1096 1573 1222 1628 usum
1235 1567 1277 1666 et
1287 1575 1358 1632 ex-

299 1683 540 1794 perientiam
558 1703 732 1764 ventum
749 1679 889 1781 fuerit,
915 1681 1090 1766 assentio
1108 1681 1177 1766 illa
1206 1685 1360 1788 omnis,

299 1821 380 1902 nisi
404 1818 537 1922 fallor,
564 1817 752 1902 elabitur.
812 1817 979 1904 Jamdiu
1007 1817 1120 1902 enim
1137 1841 1211 1922 est,
1240 1821 1359 1928 quod

299 1979 436 2041 cortex
460 1957 507 2039 in
525 1955 701 2064 pessimo
725 1952 1064 2040 inflammationis
1082 1957 1228 2064 gradu,
1256 1987 1358 2042 cum

299 2121 425 2204 prope
437 2095 549 2178 abest
563 2123 587 2176 a
600 2121 831 2201 gangraena,
845 2094 1285 2198 tutissimedatusfuit‚
1298 2097 1359 2182 ita

298 2255 349 2315 ut
366 2231 464 2314 huic
486 2232 596 2312 malo
620 2231 744 2314 multi
762 2253 910 2339 putant
928 2231 1043 2316 nullo
1060 2231 1188 2316 modo
1206 2233 1355 2318 melius

300 2368 483 2453 succurri
508 2395 641 2476 posse3
671 2389 764 2452 tum
779 2397 947 2477 quoque
969 2368 1180 2478 interdum
1202 2369 1289 2455 vidi
1307 2370 1358 2454 il-

117 2497 122 2506 ’
298 2509 483 2591 lumnon
493 2533 613 2614 parca
622 2533 751 2590 manu
762 2503 998 2590 adhibitum
1009 2506 1061 2592 ad
1072 2505 1257 2608 various,
1268 2507 1357 2592 eine

203 2669 206 2674 ·
298 2645 383 2741 ulla
400 2644 557 2753 pituita
575 2645 829 2746 remissione3
859 2643 1088 2754 quinetiam
1106 2645 1152 2728 in
1169 2643 1358 2754 'quodam

298 2781 459 2866 asthma
468 2781 552 2864 fere
563 2781 821 2891 deploratum
832 2809 904 2890 per
912 2809 1039 2866 annos
1052 2783 1209 2892 aliquot
1219 2783 1358 2872 multo

297 2919 441 3004 mitius
455 2920 614 3003 factum
631 2941 703 3021 est,
717 2919 822 3011 dum
837 2942 1016 3006 sumeret
1030 2920 1215 3029 quotidie
1229 2919 1356 3028 hujus

297 3057 587 3142 medicamenti
608 3058 819 3166 scrupulos
849 3057 954 3142 duos
973 3085 1094 3144 rnane
1121 3079 1163 3144 et
1180 3086 1356 3167 vespere.

297 3196 387 3280 Ubi
395 3197 607 3307 diligentia
616 3197 801 3280 adhibita
811 3219 886 3300 est,
899 3225 952 3280 ne
964 3196 1240 3282 ventriculum
1254 3225 1358 3306 prae-

296 3357 450 3444 gravet,
461 3335 762 3446 opprimatque,
772 3337 912 3418 nullus
922 3335 1071 3420 dubito
1082 3335 1187 3445 quin
1197 3335 1358 3446 inquo-

296 3501 463 3584 cunque
487 3473 572 3560 fere
590 3475 739 3558 morbo
766 3496 910 3558 tutum
929 3475 1085 3577 saltem,
1112 3475 1147 3557 si
1165 3502 1252 3558 non
1269 3474 1356 3560 effi·

284 3609 371 3699 'tax
389 3610 620 3694 remedium
639 3611 702 3696 sit

354 3749 485 3864 Quod
502 3749 647 3834 attinet
659 3749 713 3833 ad
730 3747 970 3836 facultatem
984 3747 1259 3834 confirmandi
1270 3771 1356 3834 sto·

295 3889 494 3972 maehum
521 3889 723 3998 viresque,
755 3887 1002 3971 crediderim
1029 3885 1144 3970 hunc
1160 3885 1356 3971 corticem

294 4025 570 4128 idemvalere,
597 4053 643 4110 ac
661 4026 860 4135 plurimae
890 4025 986 4108 aliar
1006 4023 1155 4108 herbas
1184 4051 1352 4108 amaras.
1488 4035 1491 4062 ‘¹

131 4227 140 4235 .
295 4163 392 4246 Hoc
418 4185 581 4246 tantum
598 4163 769 4246 nomine
796 4161 948 4246 caeteris
967 4161 1252 4246 anteferendus
1279 4183 1355 4262 ert,

293 4301 396 4410 quia
423 4301 597 4410 corpori,
616 4301 695 4384 sub
722 4299 837 4384 febre
854 4301 1163 4406 intermittente,
1189 4297 1353 4407 proprie
1489 4387 1490 4422 Ν

291 4439 450 4527 amicus
466 4467 553 4526 esse
569 4438 764 4527 cernitur.
820 4439 981 4528 Tamen
998 4438 1035 4523 ei
1053 4438 1148 4548 quis
1167 4436 1351 4524 medicus
1489 4429 1490 4445 '
