3104 5084
815 429 922 552 270

383 635 463 728 Die
477 667 599 728 sexto.
657 646 800 728 Morbi
814 648 1132 755 vestigiudhuc
1150 651 1381 736 manentis

325 775 502 866 bsahiis
534 811 761 892 paucorum
791 807 1009 891 aegrocum,
1034 808 1161 896 atque
1179 789 1306 870 etiam
1324 789 1382 872 -in

324 919 440 1023 facie,
467 949 554 1004 non
572 922 659 1004 eine
678 943 799 1022 tusse,
820 913 1155 1026 sternutamento,
1172 927 1382 1028 raucitate,

324 1079 366 1142 et
376 1057 501 1140 febre.
556 1059 691 1140 Semel
702 1081 825 1167 atque
840 1060 994 1174 iterum
1003 1061 1091 1141 vidi
1105 1063 1382 1170 quaedamse-

325 1197 477 1304 liquiat
493 1197 750 1278 macularum
766 1197 889 1278 etiam
906 1197 1067 1280 decimo
1079 1199 1157 1281 die.
1215 1202 1381 1286 Verum

321 1334 401 1418 hoc
429 1357 542 1418 sexto
561 1335 626 1416 die
656 1361 799 1418 omnes
818 1335 903 1420 fere
929 1339 1119 1420 emorbo
1148 1364 1380 1444 evaserunt,

322 1495 467 1582 ptaeter
481 1473 659 1555 infelices
674 1473 779 1575 ilios,
792 1475 838 1554 in
857 1476 1011 1583 quibus
1025 1473 1152 1558 febris
1170 1477 1279 1560 circa
1295 1478 1378 1564 hoc

321 1633 484 1720 tempus
503 1613 604 1694 adeo
623 1639 710 1694 non
735 1613 926 1715 mitescit,
953 1614 1066 1696 utin
1085 1614 1204 1698 homs
1224 1639 1378 1702 creatu

321 1749 452 1832 donec
469 1750 631 1833 occidit.
692 1751 781 1864 Qui
800 1777 849 1832 ex
877 1749 955 1834 hoc
970 1775 1171 1860 'presente
1192 1751 1376 1862 periculo

228 1883 231 1893 ’
322 1887 638 1988 subtrahuntur,
665 1888 876 1970 interdum
900 1891 1115 1996 pulmones
1134 1891 1180 1972 in
1207 1913 1374 1974 tantum

321 2019 493 2108 afflictos
515 2025 680 2126 habent,
708 2049 757 2108 ut
775 2027 877 2108 tussi
896 2028 971 2109 diu
985 2027 1143 2136 fatigati
1161 2027 1209 2109 in
1233 2031 1372 2113 tabem

321 2161 488 2244 tandem
507 2162 700 2244 incidant.
759 2143 990 2246 Oculorum
1008 2163 1208 2266 debilitas,
1235 2169 1372 2275 palpe-

318 2291 858 2398 braruminflammationes,
872 2323 1053 2384 tumores
1066 2302 1369 2408 gundulamm,

183 2545 189 2554 ι
224 2553 227 2560 ¹
318 2461 443 2552 atque
470 2439 547 2520 alia
574 2459 740 2520 struma
760 2439 890 2545 signa,
918 2439 1132 2521 morbillos
1160 2439 1370 2522 interdum
1409 2449 1415 2458 '

296 2633 299 2642 ·
319 2599 455 2662 secuta
469 2597 576 2659 sunt.
639 2577 846 2660 Incertum
865 2575 1098 2658 morbilline
1110 2605 1156 2658 ea
1175 2580 1283 2660 mula
1300 2607 1368 2686 ge-

319 2719 498 2818 nuerint,
517 2745 570 2798 an
584 2717 739 2798 semina
757 2743 915 2815 eorum,
933 2743 1026 2822 quae
1045 2715 1120 2796 diu
1138 2717 1183 2796 in
1197 2743 1366 2823 cotpore

317 2853 530 2956 latuerant,
558 2853 633 2934 hac
660 2853 753 2934 data
782 2853 991 2934 occasione
1021 2853 1203 2936 exierint.
1264 2855 1366 2937 Fieri

317 2993 441 3074 etiam
459 3013 602 3100 potest,
629 3013 678 3071 ut
697 3014 852 3071 struma
867 2991 945 3072 hoc
964 2979 1163 3098 praecipue
1181 3013 1364 3100 tempore

317 3129 544 3231 manifesta,
572 3129 624 3210 ad
643 3127 737 3208 alias
767 3152 930 3235 prorsus
959 3155 1097 3210 causas
1125 3127 1266 3212 referri
1293 3129 1366 3210 de-

226 3247 230 3256 *
316 3233 422 3368 beat,
448 3289 502 3368 et,
530 3266 719 3374 quamvis
735 3259 836 3345 'non
861 3265 1034 3382 fuissent
1064 3249 1260 3367 morbilii,
1288 3265 1364 3348 ho-

316 3403 473 3486 minem
492 3401 622 3486 nihilo
643 3403 770 3486 eecius
791 3401 1077 3509 occupavisset.

266 3517 268 3520 ¹
371 3540 621 3648 Sanguinem
643 3541 759 3621 nullo
783 3567 868 3621 non
886 3539 953 3621 die
978 3539 1268 3624 morbillorum
1289 3540 1363 3622 de-

314 3677 471 3764 trahere
485 3677 602 3777 iicet3
629 3699 672 3758 et
689 3678 765 3759 ubi
784 3697 887 3784 aeget
901 3677 1179 3760 vehementius
1192 3678 1362 3782 loborat,

316 3841 473 3923 temper
485 3815 609 3922 juvit,
635 3837 730 3895 tum
748 3815 924 3896 maxime
953 3815 1028 3896 ubi
1047 3815 1253 3896 accesserit
1281 3816 1363 3925 spi·

212 3946 229 3959 ⁸
314 3953 433 4037 randi
446 3949 677 4052 difficultas,
689 3953 758 4034 cui
772 3951 998 4034 morbillosi
1012 3975 1083 4060 per
1097 3973 1235 4034 totum
1249 3977 1361 4035 mor-

314 4089 419 4176 bum
446 4088 706 4196 subjectiores
736 4111 843 4172 sunt.
903 4091 953 4170 In
982 4089 1192 4197 sanguini·
1220 4111 1362 4174 sutem

312 4227 519 4328 missione,
544 4247 586 4308 et
613 4226 699 4308 istit
726 4225 928 4328 remediis,
957 4253 1052 4334 quse
1071 4227 1236 4335 propria
1262 4247 1362 4310 sunt

310 4365 517 4450 malorum
528 4363 626 4450 huic
636 4363 746 4450 febri
756 4391 855 4452 cum
863 4365 1059 4449 omnibus
1071 4363 1360 4449 uiiiscommu-
