3104 5084
504 477 507 484 Ι
632 573 731 682 275

165 801 257 884 sape
276 775 470 894 quidem,¹
485 778 554 858 sed
573 805 658 858 non
682 805 850 884 semper,
869 778 1078 860 nauseanti
1096 805 1193 858 ren-

165 913 300 994 ttirulo
311 937 556 998 succurrent.
595 920 748 1023 Aquae
761 913 930 997 floribus
944 915 1193 998 chamaemeli

161 1076 240 1131 non
253 1077 341 1132 raro
356 1052 505 1134 auxilio
517 1075 589 1152 est,
601 1054 663 1133 vel
678 1053 883 1134 vomitum
897 1053 1114 1154 movendo,
1127 1053 1192 1134 vel

161 1187 410 1270 stomachum
428 1187 719 1272 confirmando.
777 1189 863 1270 Ubi
878 1217 1026 1270 nausea
1037 1219 1085 1271 ex
1104 1173 1190 1272 aliis
1253 1275 1257 1285 ,

156 1325 302 1407 morbis
332 1327 492 1433 pendet,
520 1326 719 1434 quicquid
751 1326 814 1405 his
848 1327 1046 1426 medetur,
1074 1329 1186 1410 illam

156 1459 271 1542 simul
288 1465 410 1546 tollet.
467 1468 598 1572 Aquae
619 1463 847 1544 Bathonicae
875 1465 1023 1544 multas
1043 1491 1186 1546 nause-

155 1597 252 1680 antis
267 1603 482 1684 ventriculi
500 1629 636 1684 causas
652 1603 714 1681 vel
729 1601 937 1702 minuunt,
956 1599 1080 1682 velex
1099 1623 1186 1684 toto

156 1760 423 1820 summovent.

392 1959 413 1978 r
471 1937 869 1961 ψ

566 2087 673 2168 CAP.
701 2091 767 2170 66.

424 2248 492 2330 De
513 2247 668 2330 Morbis
683 2246 907 2330 Oculorum.

202 2409 348 2490 Ocuar
367 2407 400 2488 si
411 2407 475 2490 vel
488 2408 687 2492 levissime
701 2409 781 2490 sint
795 2393 1025 2507 imbeciltes,
1040 2433 1186 2513 quam-

150 2545 205 2627 vis
219 2548 377 2628 nullam
388 2547 525 2628 morbi
540 2569 681 2628 notam
695 2575 775 2654 prae
792 2577 831 2629 se
841 2545 986 2647 ferant,
1001 2573 1103 2652 aegre
1115 2575 1184 2652 pa-

149 2681 306 2766 tiuntur
326 2677 510 2782 ventum,
537 2685 689 2790 ignem,
711 2687 932 2792 pulverem,
959 2706 1030 2766 aut
1048 2683 1185 2764 lectio-
1286 2719 1290 2725 ·

148 2843 250 2902 nem.
291 2819 381 2902 Ubi
392 2819 645 2904 imbecillitas
657 2821 787 2928 major
798 2843 869 2922 est,
883 2820 996 2902 tenui
1010 2820 1184 2902 humore

147 2957 335 3056 madent3
365 2957 439 3066 qui
471 2957 693 3052 concretior
722 2957 782 3058 fit,
809 2979 851 3039 et
878 2957 1120 3063 glutinosus,
1148 2955 1182 3036 si

147 3111 229 3174 tam
255 3093 363 3175 lente
381 3090 546 3194 defluat,
573 3115 621 3175 ut
640 3095 817 3200 spatium
844 3093 989 3178 habeat
1008 3090 1182 3173 co'e‘undi

144 3225 189 3307 in
206 3228 314 3312 hanc
333 3229 652 3312 crassitudinem.

198 3365 542 3450 Inflammationes
551 3367 832 3476 palpebrarum
841 3387 1049 3450 strumosae
1057 3365 1181 3472 longo

142 3503 271 3608 spatio
290 3504 485 3616 detinent,
512 3505 666 3612 absque
684 3532 731 3586 eo
749 3526 798 3586 ut
817 3505 957 3586 oculus
975 3503 1059 3612 ipse
1073 3503 1181 3584 mul·

143 3657 233 3720 tum
251 3641 420 3741 laboret,
439 3641 502 3722 vel
519 3639 732 3748 impatiens
752 3639 824 3722 fiat
841 3641 941 3722 lucis
958 3662 1029 3722 aut
1046 3638 1183 3722 lectio·

136 3774 216 3861 nis.
275 3775 363 3858 Ubi
378 3777 517 3858 oculus
537 3777 621 3884 ipse
635 3774 928 3878 inflammatur,
943 3775 1057 3884 quod
1074 3777 1119 3856 in
1133 3801 1181 3856 eo

143 3911 285 3994 album
302 3941 384 3994 esse
403 3913 538 4013 debet,
564 3912 612 3994 fit
629 3914 820 4032 rubrum,
844 3915 956 3995 venis
986 3911 1182 4017 sanguine

142 4045 337 4130 distentis.
396 4049 461 4132 Sic
480 4046 629 4132 affectis
645 4077 783 4132 sensus
802 4071 862 4132 est
875 4071 1074 4156 tanquam
1092 4045 1183 4155 pul-

143 4186 244 4265 veris
262 4185 329 4272 ‚vel
347 4212 475 4268 arenae
495 4186 540 4266 in
560 4187 726 4270 oculum
743 4187 901 4294 illapsae.
959 4187 1064 4286 Lux,
1091 4185 1182 4292 pul·
1200 4209 1205 4220 ·

142 4319 216 4420 vis,
235 4322 355 4424 calor,
383 4343 423 4404 et
441 4345 600 4424 ventus,
623 4305 843 4407 intendunt
860 4323 1043 4406 dolorem
1061 4343 1101 4404 et
1119 4323 1197 4408 in«,

143 4449 474 4544 flammationem.
533 4457 877 4543 Inflammationes
906 4459 1072 4542 leviores
1096 4461 1181 4570 sine

618 4623 692 4680 ra
