3104 5084
791 435 894 528 330

318 641 405 722 vari
424 669 464 724 ae
493 640 624 723 sentit.
684 638 871 752 Quidam
898 640 978 722 hoo
995 640 1141 724 morbo
1163 644 1361 752 jamjam

315 779 486 888 perituri
505 776 581 860 visi
601 798 712 877 sunt,
731 779 806 883 qui
823 800 963 858 tamen
982 779 1089 859 intra
1107 781 1294 862 triduum
1312 783 1362 864 in

314 935 479 998 tantum
497 913 674 996 restituti
693 935 802 1014 sunt,
820 936 868 995 ut
885 913 993 996 foras
1012 915 1119 996 exire
1136 919 1358 1023 potuerint.

314 1050 497 1157 Contigit
529 1043 750 1150 interdum,
792 1073 841 1132 ut
874 1051 947 1164 qui
981 1053 1106 1136 colica
1142 1054 1362 1150 Pictonum

312 1189 564 1298 laborabant,
576 1189 920 1294 repentinamorte
928 1189 1136 1296 perierint:
1151 1191 1359 1300 siquidem

90 1401 92 1404 ,
213 1415 215 1418 ,
313 1324 375 1406 via
393 1325 461 1408 illa
489 1326 651 1432 plumbi
669 1348 879 1425 venenata,
904 1327 1038 1406 nervis
1061 1325 1360 1430 inimicissima,

312 1489 405 1570 quat
436 1491 582 1544 manus
611 1484 651 1546 et
682 1463 861 1544 brachia¹
876 1462 959 1544 fere
990 1491 1145 1570 semper
1177 1465 1358 1567 resoliit,

70 1703 73 1710 Ι
204 1651 206 1657 2
310 1601 520 1687 interdum
539 1627 608 1682 cor
626 1599 765 1707 ipsum
783 1599 964 1700 invadat,
989 1623 1234 1710 motumque
1252 1603 1356 1709 ejus,

308 1760 351 1824 et
365 1739 488 1820 simul
506 1738 634 1818 vitam
650 1737 788 1818 subito
805 1737 1026 1843 extinguar.

367 1881 586 1983 Postquam
606 1903 750 1956 manus
779 1876 1007 1984 paralyticae
1025 1874 1140 1956 factae
1168 1875 1354 1980 fuerunt,

309 2013 459 2097 tamin
478 2035 608 2112 acuta,
626 2041 753 2119 quam
771 2013 816 2092 in
835 2013 955 2117 longa
975 2013 1115 2118 specie,
1143 2041 1351 2120 assurgere

309 2149 707 2236 consuevitiudors'o
716 2149 958 2250 alterius,vel
971 2151 1183 2257 utriusque
1191 2179 1354 2253 manus,

308 2316 432 2402 prope
444 2287 610 2368 initium
621 2286 718 2368 ossis
731 2287 1136 2393 metacarpalismedii
1148 2287 1352 2394 digiti,tu·

307 2453 401 2508 mor
412 2426 464 2506 ad
478 2425 593 2505 nucis
605 2451 737 2530 parvae
751 2424 1089 2530 magnitudinem,
1101 2425 1185 2505 sine
1196 2423 1350 2526 dolore,

211 2587 214 2600 ⁵
307 2564 372 2645 vel
383 2561 526 2644 coloris
541 2561 778 2643 mutatione.
825 2562 984 2640 Verum
995 2560 1073 2641 hoc
1088 2583 1241 2646 nonest
1256 2590 1346 2668 per-

307 2677 490 2810 petuum.
549 2696 635 2778 Ubi
654 2697 810 2778 dolores
826 2697 1037 2778 atrociores
1054 2695 1161 2780 finiti
1180 2721 1288 2800 sunt,
1306 2722 1347 2780 et

306 2834 499 2947 paralysis
519 2834 693 2934 accessit,
711 2834 907 2914 obscurus
923 2835 1039 2916 dolor
1057 2834 1102 2914 in
1121 2837 1346 2918 ventriculo

306 2995 604 3073 remanet,cum
613 2971 724 3076 ragis
736 2971 945 3052 doloribus
954 2971 1133 3052 universi
1144 2975 1342 3080 corporis;

270 3127 272 3133 ’
305 3111 430 3198 simul
444 3109 640 3218 cupiditas
656 3107 737 3190 cibi
751 3109 927 3214 languet,
941 3130 981 3188 et
995 3135 1079 3188 uon
1091 3135 1182 3188 raro
1196 3137 1344 3198 nausea

305 3271 378 3349 est,
390 3269 462 3330 aut
472 3247 663 3328 vomitus.
721 3247 877 3352 Corpus
889 3267 929 3325 et
943 3245 1045 3326 vires
1062 3245 1210 3356 sensim
1225 3247 1344 3328 amit-

305 3407 465 3486 tuntur,
478 3385 678 3492 praecipue
688 3410 783 3464 vero
797 3405 1038 3464 extenuatur
1049 3386 1258 3464 musculus
1269 3386 1343 3492 qui

304 3522 493 3634 pollicem
529 3519 705 3618 adducit.
763 3521 885 3600 Paulo
917 3541 1009 3600 ante
1037 3542 1212 3603 mortem
1244 3521 1341 3627 aegri

303 3659 489 3759 delirant,
502 3680 542 3742 et
556 3655 664 3760 fiunt
677 3655 782 3739 caeci.
840 3659 970 3738 Crura
982 3657 1034 3738 ad
1048 3657 1168 3738 breve
1180 3679 1342 3765 tempus

303 3795 514 3888 interdum
540 3797 824 3894 resolvuntur3
853 3795 956 3875 etin
982 3793 1245 3902 quibusdam,
1271 3795 1342 3875 sed

302 3933 526 4044 perpaucis,
542 3933 628 4014 vidi
646 3959 764 4014 crura
778 3931 892 4012 haud
904 3931 1042 4012 minus
1055 3959 1180 4040 quam
1195 3957 1344 4012 manus

300 4051 470 4192 perenni
487 4071 729 4154 resolutione
744 4091 947 4176 occupata.
1005 4069 1137 4151 Inciso
1151 4067 1343 4150 cadavere

299 4209 479 4324 pondnis
497 4209 573 4294 hac
588 4207 712 4311 colica
729 4206 915 4316 peremti,
930 4207 1094 4303 nullum
1109 4205 1258 4290 vitium
1276 4204 1343 4296 iu-
