3104 5084
695 553 802 665 309
847 645 855 654 .

222 755 375 858 saeviat,
384 738 426 837 ‘et
439 739 600 838 somnos
614 757 844 863 abrumpat,
853 785 953 863 saepe
963 759 1139 865 postulat
1149 761 1265 844 leniri

223 893 373 1000 exiguo
392 895 495 1000 opii,
524 895 604 994 cui,
633 893 667 974 si
685 895 822 975 risum
845 893 982 1014 fuerit,
1011 895 1148 978 licebit
1167 895 1267 1004 adji·

226 1058 315 1112 cere
333 1032 408 1111 rel'
425 1031 594 1136 pilulam
618 1053 874 1136 purgantem,
901 1033 964 1112 vel
984 1033 1135 1114 calcem
1161 1035 1267 1116 antir-
1347 1073 1350 1080 ·
1375 1119 1385 1142 „

226 1167 370 1267 monn,
384 1169 447 1249 ser
458 1168 620 1273 gummi
634 1166 841 1250 foesdum.
885 1167 1051 1250 nunno
1065 1149 1147 1252 fin
1160 1171 1265 1278 pare

184 1377 187 1384 .
225 1302 380 1385 dolenti
398 1303 610 1385 admovere
629 1305 893 1410 emplastrum
913 1303 1155 1388 cantharidis
1187 1333 1287 1388 sess*

224 1439 455 1546 quipollicis
467 1439 747 1545 amplitudine,
763 1457 803 1520 et
817 1439 970 1520 diutius
985 1447 1139 1523 serrare
1154 1443 1266 1524 exul·
1399 1543 1404 1556 ι

224 1571 486 1674 serationem
500 1577 598 1658 item
610 1599 818 1681 contegere
830 1603 919 1658 eam
932 1579 1266 1686 partememplas‚

226 1733 291 1794 tro
303 1712 458 1822 cymini
466 1713 600 1819 amplo
614 1739 870 1818 permensem
879 1713 1095 1819 integrum.
1128 1715 1265 1827 Quos-

225 1847 322 1930 dam
335 1830 457 1930 etiam
465 1847 580 1955 juvit
594 1849 855 1930 linimentum
871 1851 1101 1952 ammoniae,
1121 1851 1184 1932 vel
1198 1857 1260 1934 sass

228 1985 359 2096 ponis,
368 1985 431 2068 bis
439 1987 621 2092 qnotidie
636 1987 786 2090 pectori
798 1985 1053 2086 infricatum;
1068 2009 1107 2070 et
1117 1987 1264 2072 lavatio

226 2121 391 2228 frigida,
403 2123 484 2204 sire
504 2123 547 2204 in
562 2151 668 2230 aqua
686 2123 809 2222 dulci,
829 2125 911 2205 sire
929 2123 974 2204 in
990 2123 1104 2210 mari.
1250 2135 1255 2143 '

281 2261 441 2341 Verum
459 2260 614 2342 dolores
631 2261 799 2378 pectoris
816 2288 918 2366 quos
934 2289 1055 2368 supra
1070 2261 1264 2372 proposui

227 2396 519 2518 suntlerriculi:¹
543 2419 720 2504 superest
734 2398 849 2497 allus,
863 2399 938 2505 qui
951 2397 1272 2504 properemus,
1401 2493 1405 2500 ¹

228 2531 356 2614 tiones
376 2561 465 2614 suas
495 2519 664 2614 minime
684 2534 954 2640 quotidianas,
980 2555 1075 2616 tum
1101 2557 1285 2641 propter*

159 2763 164 2772 Δ
196 2719 204 2734 ·
228 2669 384 2751 exitum
403 2670 661 2778 singularem,
680 2671 800 2776 paulo
821 2669 951 2752 fusius
971 2672 1118 2778 exponi
1137 2698 1265 2754 mere·

228 2827 317 2906 tur3
346 2833 431 2913 quo
445 2829 581 2913 pectus
597 2807 695 2887 adeo
708 2807 882 2912 angitur,
896 2829 944 2888 ut
959 2836 1045 2888 non
1057 2808 1264 2892 immerito

227 2941 377 3048 angina
396 2943 564 3050 pectoris
584 2943 771 3049 appellari
792 2944 927 3052 possit.

287 3078 376 3191 Qui
407 3079 487 3162 hoc
513 3082 659 3161 morbo
687 3101 888 3180 tenentur,
915 3079 1103 3186 occupari
1136 3079 1265 3162 solent

231 3212 335 3296 inter
354 3215 649 3296 ambulandum
669 3211 779 3323 (tum
807 3216 982 3304 maxime
1001 3217 1036 3297 si
1061 3243 1130 3322 per
1149 3208 1265 3298 aceli

229 3377 324 3433 vern
341 3352 479 3433 locum
490 3352 713 3454 ambulent,
725 3375 765 3433 et
778 3353 914 3434 statim
926 3375 1016 3458 post
1033 3351 1266 3454 cibumlin·

230 3485 459 3594 gratissimo
487 3489 655 3594 pectoris
676 3515 836 3594 angore,
864 3488 957 3570 vita
977 3489 1288 3584 extinctionem

231 3606 471 3726 intentante,
498 3621 701 3731 siquidem
716 3645 945 3730 augeretur,
956 3625 1019 3705 vel
1044 3651 1291 3730 perseum
1369 3687 1376 3694 .

230 3781 303 3844 ret.
380 3761 705 3873 Quamprimum
737 3753 874 3842 autem
913 3760 1062 3866 gradus
1090 3743 1267 3860 sistatur,

232 3915 340 3978 tonis
353 3923 481 4002 angor
499 3917 707 3977 momento
727 3883 995 4005 conquiescit,

283 4031 407 4116 Initio
425 4031 548 4138 hujus
568 4031 816 4139 agritudinis
831 4053 973 4134 caetera·
982 4031 1120 4113 omnia
1133 4029 1268 4114 homi·-

230 4195 300 4254 nes
319 4169 479 4271 valent3
507 4191 547 4251 et
566 4169 732 4251 seorsim
749 4169 862 4251 nulla
879 4189 1069 4252 tenentur
1087 4165 1267 4276 spirandi

229 4303 516 4407 difficultates
534 4333 616 4413 qua
630 4305 697 4387 hic
712 4303 880 4411 pectoris
896 4332 1023 4412 angor
1036 4331 1197 4410 prorsus
1209 4325 1268 4388 est
1306 4283 1308 4290 ¹

139 4557 144 4566 ὁ
232 4441 428 4530 disertus
484 4443 613 4542 Dolor
630 4443 845 4552 sepissime
872 4443 1086 4550 pertineto
1112 4461 1271 4550 pectore

1042 4756 1085 4821 ’Θ
