3050 5084
685 404 788 506 359

211 604 408 696 drachma
427 606 504 718 olei
523 607 807 692 terebinthinae
827 609 1043 694 rectificati.
1102 614 1256 700 Omnes

210 765 366 826 norunt
396 743 649 828 cantharides
669 747 744 829 hac
764 746 953 832 facultate
973 750 1140 850 donatas
1162 781 1259 854 esse,

207 907 295 962 non
314 883 448 964 solum
468 883 578 964 intus
599 905 767 984 sumtas,
785 885 855 966 sed
873 885 998 966 etiarn
1014 867 1087 1004 tibi
1106 889 1256 968 extrin-

209 1043 321 1098 secus
358 1017 639 1126 imponuntur.
716 997 821 1132 Quat
851 1021 1020 1138 quiden}
1050 1051 1124 1124 res,
1153 1024 1258 1106 sicut

209 1154 295 1238 aliae
315 1183 401 1238 non
419 1185 569 1264 paucae,
596 1158 844 1240 documento
862 1181 934 1258 est,
963 1171 1089 1266 quam
1108 1188 1257 1268 parum

208 1292 415 1400 cognitam
428 1293 625 1376 habemus
646 1294 822 1402 corporis
839 1296 1022 1377 animalis
1038 1319 1251 1392 naturam:

206 1455 370 1536 prorsus
385 1431 497 1512 enim
515 1431 716 1512 nescimus
737 1459 822 1539 quo
842 1453 957 1538 pacto
977 1429 1061 1533 fiat,
1091 1455 1140 1514 ut
1156 1463 1250 1516 can-

210 1563 385 1649 tharides
414 1567 525 1650 viam
554 1567 633 1651 sibi
662 1567 813 1651 faciant
831 1569 881 1650 ad
903 1569 1075 1652 vesicam
1095 1598 1164 1676 per
1193 1568 1257 1654 tot'

209 1706 379 1806 canales,
406 1727 446 1787 et
479 1705 649 1814 quidem
679 1727 937 1806 taatrennu,
966 1707 1050 1788 sine
1079 1704 1254 1796 minimo

210 1867 356 1922 eorum
373 1841 631 1942 detrimento,
660 1835 900 1950 quanquam
927 1843 1055 1924 vesica
1074 1843 1159 1948 ipsa
1177 1843 1256 1924 mi·

212 1977 432 2064 serabiliter
447 1979 660 2078 crucietur,
674 1981 969 2086 lacereturque;
990 1980 1256 2085 quemadmo-

211 2113 392 2196 dum'ex
410 2116 625 2223 emplastro
637 2115 884 2202 cantharidis
904 2115 1025 2196 nimis
1046 2145 1147 2222 saepe
1167 2114 1255 2198 fieri

126 2291 129 2298 .
210 2251 450 2360 experimur.
480 2255 624 2360 Neque
643 2252 780 2334 minus
800 2253 955 2336 mirum
976 2251 1149 2368 videtur,
1167 2282 1253 2334 uno

212 2388 427 2494 emplastro
447 2389 638 2495 imposito
653 2389 926 2496 stranguriam
945 2415 1110 2495 gravem
1128 2389 1253 2470 fuisse

211 2524 448 2625 excitatam3
469 2547 605 2632 postea
623 2551 718 2608 vero
737 2525 782 2606 in
797 2525 938 2606 eodem
958 2524 1137 2625 homine,
1155 2547 1195 2612 et
1209 2526 1253 2610 in

211 2661 353 2745 eadem
382 2665 654 2769 aegrotatione,
682 2663 867 2772 quinque
896 2663 1020 2746 simul
1048 2662 1255 2745 admoveri

211 2797 389 2904 potuisse
399 2798 579 2906 impune.
603 2799 842 2912 Quinetiam
851 2820 1068 2908 postquam
1080 2796 1257 2878 cutisex-

212 2935 405 3016 ulceratio
424 2963 494 3042 per
512 2936 764 3018 cantharides
784 2958 936 3042 septem
955 2960 1081 3016 annos
1102 2953 1272 3028 servata,

211 3071 344 3156 fuerat
358 3073 443 3152 sine
453 3069 688 3154 difficultate
699 3073 842 3173 urinae,
855 3094 968 3166 tanta
979 3051 1255 3158 subitosstran·

212 3207 329 3314 guria
347 3229 436 3294 orta
458 3229 530 3308 est,
562 3230 713 3294 utnon
733 3209 811 3292 nisi
831 3207 1036 3292 sanatione
1056 3207 1255 3292 exulcera-

212 3341 333 3424 tionis
353 3345 529 3450 potuerit
548 3345 675 3434 leniri.

267 3479 328 3560 Ita
345 3503 575 3588 comparata
594 3503 690 3562 sunt
709 3481 1004 3562 nonnullorum
1032 3479 1254 3568 hominum

212 3643 392 3723 corpora,
410 3639 458 3700 ut
473 3619 672 3700 levissima
684 3619 734 3700 de
746 3617 1056 3702 causa‘incidant
1071 3617 1114 3700 in
1128 3639 1257 3705 stran-

212 3753 387 3858 guriam.
450 3755 733 3860 Emplastrum
773 3753 1016 3836 cantharidis
1047 3779 1116 3858 per
1147 3751 1257 3830 diem

212 3917 348 3977 tanum
361 3911 401 3974 et
415 3893 586 3974 alterum
601 3891 685 3972 cuti
700 3891 914 3982 admotum
929 3889 1114 3977 excitavit
1129 3909 1258 3966 stran-

207 4026 375 4132 guriam
394 4055 485 4136 quae
505 4029 656 4109 multos
686 4055 844 4116 menses
876 4025 1149 4144 perseverabat
1177 4050 1259 4102 esse

206 4163 389 4260 molesta.
436 4165 532 4253 ·Alii
550 4192 620 4283 per
640 4187 769 4254 totam
784 4186 942 4256 aetatem
961 4162 1012 4244 ab
1032 4159 1257 4240 infantibus
