3002 5086
690 505 698 518 ·
765 477 868 622 206

713 827 911 919 cmm.

271 1061 275 1066 ¹
306 1097 313 1105 ·
388 1071 457 1154 ,De
479 1071 627 1170 Ietero,
646 1069 811 1182 aliisque
831 1065 985 1154 Jecoris
1006 1003 1251 1176 Affectibus.n

346 1305 494 1391 INTER
524 1303 874 1413 frequentissimos
895 1291 1041 1414 jecoris
1065 1303 1233 1386 morbos
1264 1303 1331 1388 ille

289 1466 361 1546 est,
381 1443 455 1554 qui
470 1443 518 1526 fit
536 1443 761 1526 interclusis
782 1441 875 1524 bilis
896 1441 997 1558 viis;
1025 1465 1065 1524 et
1083 1463 1143 1524 est
1161 1442 1334 1526 minime

251 1687 256 1700 Ι
289 1571 548 1690 periculosus.
607 1581 807 1664 Nondum
818 1578 998 1662 constitit
1013 1581 1068 1662 ob
1081 1608 1181 1688 quas
1193 1566 1368 1664 causas¹
1487 1657 1488 1682 Ν

289 1717 382 1802 bilis
395 1719 602 1802 inte'rdum
612 1740 852 1818 concrescat,
863 1740 903 1799 et
911 1717 1081 1800 calculos
1090 1716 1222 1800 faciat.
1272 1716 1333 1799 Hi

289 1854 447 1940 calculi
462 1857 678 1965 saepissime
710 1855 950 1937 delitescunt
983 1853 1094 1936 intus
1131 1854 1177 1936 in
1201 1856 1334 1940 vesica

287 1993 427 2094 fellea;
456 2016 496 2075 et
510 1993 604 2074 inde
613 1992 782 2076 fortasse
797 2019 941 2074 eorum
954 1993 1136 2102 plerique
1147 1993 1331 2096 veniunt,

288 2121 364 2240 q'ui
392 2131 438 2210 in
463 2130 539 2212 viis
568 2153 703 2236 postea
732 2119 1000 2237 reperiuntur.
1060 2129 1163 2212 Fieri
1192 2153 1330 2212 tamen

186 2323 188 2326 -
288 2289 420 2376 potest
431 2289 479 2348 ut
489 2267 582 2376 bilis,
597 2267 642 2347 in
656 2267 751 2376 ipsis
767 2267 842 2350 viis
858 2269 1042 2376 primum
1052 2269 1222 2376 coeperit
1235 2295 1331 2351 con·
1423 2377 1426 2382 Δ

288 2435 474 2508 crescere,
492 2406 556 2488 vel
574 2407 697 2488 etiam
714 2407 760 2487 in
772 2407 921 2515 jecore,
943 2403 1131 2516 quamvis
1150 2405 1332 2490 icterico·

220 2584 223 2592 ·
288 2573 384 2628 rum
388 2544 505 2652 jecur
515 2543 754 2652 plerumque
762 2545 875 2626 nu'llo
885 2545 984 2626 vitio
994 2542 1179 2655 afficitur,
1211 2545 1330 2660 Quo·

288 2683 361 2766 ties
381 2683 523 2764 calculi
543 2681 698 2790 expulsi
716 2711 737 2762 e
756 2681 898 2784 vesica,
916 2711 987 2764 seu
1005 2682 1050 2762 in
1068 2683 1164 2789 ipsis
1184 2681 1330 2764 canali-

255 2834 257 2840 ’
286 2819 479 2921 humati,
498 2817 581 2900 vias
596 2817 867 2926 impedierint,
885 2811 1022 2901 refluit
1034 2817 1127 2902 bilis
1142 2819 1187 2899 in
1199 2819 1329 2926 jecur,

287 2980 410 3066 atque
429 2955 523 3037 inde
538 2957 582 3036 in
597 2955 850 3063 sanguinem,
869 2978 909 3038 et
921 2983 1041 3038 aureo
1054 2956 1186 3038 colore
1196 2953 1328 3038 inficit

286 3093 1025 3195 seriun,cutem,oculos,eturinam*.
1054 3094 1179 3202 Signa
1190 3091 1328 3174 morbi

286 3253 477 3312 consueta
498 3227 589 3338 (qui
614 3231 764 3312 dicitur
789 3231 949 3332 icterus,
977 3231 1132 3338 aurigo,
1157 3229 1326 3312 morbus

286 3369 495 3476 arquatus,
506 3391 577 3448 aut
589 3368 740 3482 regius)
755 3392 853 3449 sunt
863 3367 1075 3450 fastidium
1084 3367 1179 3470 cibi,
1188 3393 1326 3450 sensus

285 3503 492 3612 gravitatis
512 3505 557 3584 in
575 3507 814 3608 ventriculo,
841 3535 1002 3609 nausea,
1019 3507 1214 3608 vomitus,
1241 3504 1326 3587 lan·

285 3669 405 3753 gum,
436 3629 602 3744 desidia,
632 3641 784 3751 vigilia,
801 3666 842 3728 et
869 3635 1024 3726 macies¹
1042 3619 1240 3750 insignim
1268 3663 1325 3725 at·

324 3949 343 3988 Ψ
356 3947 520 4027 Cujusdam
533 3946 640 4008 icterici
658 3947 743 4008 urina
756 3949 910 4010 mturrime
923 3947 1015 4021 fusca,
1035 3967 1145 4029 paucas
1162 3949 1251 4010 horas
1269 3965 1324 4008 ser·

284 4065 364 4124 vata,
383 4051 508 4112 viridem
521 4051 649 4112 colorem
668 4052 782 4125 induit;
804 4055 1059 4132 quemadmodum
1077 4055 1226 4115 interdum
1242 4051 1277 4114 fit
1294 4051 1323 4112 in

234 4238 236 4244 Α
284 4156 401 4217 vomitu
414 4147 581 4228 biliiflavae,
601 4159 685 4238 cujus
698 4155 780 4218 color
795 4173 861 4237 post
874 4157 1005 4236 aliquam
1024 4177 1140 4220 moram
1159 4159 1189 4219 in
1200 4155 1323 4228 rixidem

284 4257 393 4319 mutan·
405 4257 488 4318 solet.
