3050 5084
657 461 758 576 375

175 665 331 756 tatione
358 666 509 767 morbi,
541 666 653 752 viem
681 667 795 752 tenui
822 667 899 768 uti,
925 689 966 752 et
992 694 1041 752 ex
1068 665 1147 760 alio
1175 665 1221 754 in
1268 667 1273 677 '

177 787 304 884 alium
318 805 456 886 locum
470 803 653 904 transire,
666 804 821 912 optima
835 804 1019 912 praesidia
1034 824 1143 902 sunt,
1156 803 1220 888 vel

176 938 228 1020 ad
248 941 393 1024 tussim
411 941 623 1024 molestam
641 941 884 1041 leniendam,
911 943 978 1024 vel
1003 941 1056 1024 ad
1082 938 1220 1048 prohi-

174 1076 769 1186 bendumnefiatpericulosa.
1349 1063 1353 1074 ⁸

691 1251 701 1262 ,.

532 1525 537 1538 ‚
594 1427 701 1508 Cae.
724 1425 791 1506 93.

465 1589 530 1670 De
551 1587 588 1670 T
587 1616 668 1670 usse
689 1585 924 1671 convulsiva.

229 1749 391 1834 Tussis
408 1749 644 1830 convuleiva
657 1745 855 1854 praecipue
868 1743 915 1826 fit
928 1745 973 1826 in
988 1768 1101 1828 atate
1117 1775 1216 1855 pue·

172 1883 253 1984 rili,
270 1905 387 1966 erest
405 1883 695 1991 proculdubio
714 1881 971 1990 contagiosa„
1004 1884 1086 1963 Hic
1106 1911 1215 1966 mor·

170 2021 253 2129 ¹bus
272 2019 345 2102 diu
364 2021 500 2120 trahit,
533 2049 634 2127 raepe
659 2047 813 2102 menses
832 2019 944 2102 haud
963 2045 1111 2125 paucos
1130 2049 1217 2109 mas

169 2185 299 2258 nene3
318 2179 358 2240 et
372 2185 612 2265 quanquam
629 2157 838 2238 interdum
851 2155 948 2238 levis
964 2155 1028 2256 sit,
1038 2179 1086 2240 et
1099 2159 1216 2245 omni

169 2295 351 2404 periculo
380 2317 505 2395 vacet,
537 2295 746 2378 interdum
773 2317 910 2378 tamen
937 2293 1094 2376 occidit.
1152 2296 1216 2376 Pi-

169 2431 284 2532 tuita
304 2431 567 2530 abundantia,
594 2431 658 2512 vel
685 2432 877 2552 vomitus,
905 2452 945 2514 et
962 2429 1215 2515 vehementia

169 2569 459 2670 accessionum,
476 2590 516 2651 et
530 2568 877 2652 intermissionum
888 2567 1108 2674 integriter,
1124 2569 1213 2676 ipse

167 2705 1212 2814 initiohanctuseimabaiiiseatisplerumquedietim
1261 2742 1263 2750 J

167 2865 327 2949 guunt:
357 2865 493 2950 postea
525 2865 662 2928 autem
690 2843 816 2926 errori
849 2843 985 2938 nullus
1008 2865 1066 2924 est
1085 2844 1211 2947 lucus,

167 3007 267 3066 cum
285 2979 404 3062 russie
419 3003 653 3088 perseverat,
680 2981 809 3074 donec
838 2982 933 3087 aegri
954 3003 1055 3087 pene
1074 2979 1212 3080 deficiq

166 3138 240 3225 ant
250 3118 492 3224 priusquam
503 3119 691 3226 spiritum
703 3118 899 3200 attrahere
910 3118 1083 3224 possiam
1096 3118 1210 3226 quod

167 3281 266 3336 cum
284 3256 476 3360 inusitato
497 3255 677 3363 quodam
696 3279 797 3346 sono
815 3253 876 3356 fit,
903 3255 1066 3364 proprio
1084 3255 1207 3363 hujus

166 3391 287 3498 tussis
302 3392 467 3494 indicio,
485 3395 594 3478 unde
608 3393 731 3476 etiam
744 3419 895 3478 nomen
909 3393 1019 3500 apud
1032 3395 1210 3479 nonnul*

165 3529 223 3614 las
251 3552 388 3636 gentes
415 3531 654 3638 impositum
682 3551 751 3614 est.
809 3531 859 3612 In
881 3531 1062 3638 quodam
1079 3554 1207 3640 puero

164 3666 286 3760 tureis
305 3653 438 3752 riserat
455 3691 534 3750 tres
552 3693 722 3770 menses,
739 3667 980 3778 priusquam
998 3668 1065 3750 hic
1084 3691 1207 3756 sonus

165 3804 339 3886 accessit.
395 3807 479 3886 Prae
494 3805 744 3888 vehementia
762 3805 898 3906 tussis,
923 3829 1024 3912 saepe
1043 3803 1205 3912 sanguis

164 3965 187 4022 e
202 3939 369 4022 naribus
383 3940 636 4048 exprimitur,
654 3941 790 4024 vultus
806 3941 1008 4047 nigrescit,
1025 3963 1064 4027 et
1082 3941 1206 4030 iuter.

164 4075 268 4160 dum
283 4078 409 4162 oculis
424 4075 470 4162 ee
484 4078 547 4160 vis
558 4079 747 4180 infertur,
764 4107 855 4187 qua
875 4079 1007 4162 reddit
1020 4107 1088 4162 eos
1102 4107 1205 4168 seme

163 4239 235 4320 per
253 4213 298 4306 in
316 4237 524 4322 posterum
542 4217 775 4304 imbecillos.
832 4219 916 4304 Hic
934 4215 1098 4302 affectus
1113 4243 1205 4304 rare

163 4351 342 4466 eundem
369 4356 461 4463 plur
488 4358 611 4464 semel
641 4357 823 4460 invadit3
862 4379 1043 4472 ettamen
1066 4355 1206 4444 curavi
