3050 5084
778 399 880 514 378

303 606 417 716 quod
430 607 580 688 addam
598 603 690 706 illis,
702 631 792 714 quae
809 631 940 710 nuper
952 605 1098 688 tradito
1114 605 1281 696 fuerunt
1293 609 1346 700 ds

204 833 207 839 ,
234 803 237 808 -
300 743 364 830 his
380 745 500 826 rebus
513 742 557 822 in
570 744 798 832 multorum
810 741 1065 836 medicorum
1077 743 1204 845 libris,
1215 747 1345 852 quiin

300 882 492 964 omnium
510 881 700 962 manibus
716 901 822 962 sunt.
880 879 1102 988 Scrupulus
1122 904 1259 966 autem
1272 883 1344 973 ali,-

300 1017 395 1126 quis
409 1016 512 1098 mihi
531 1039 652 1102 restat
663 1017 712 1098 de
731 1016 941 1102 securitate
960 1045 1116 1119 eorum,
1134 1018 1343 1128 inquibus

298 1155 472 1263 pustulas
492 1156 555 1234 vel
572 1155 692 1234 nullae
711 1153 931 1262 eruperint,
949 1155 1012 1235 vel
1030 1183 1247 1264 nunquam
1266 1157 1343 1238 rite

298 1291 584 1392 maturuerint,
611 1291 702 1372 licet
720 1291 765 1371 in
795 1291 884 1372 loco
903 1289 1106 1374 inoculato
1125 1293 1240 1374 ulcus
1259 1292 1343 1372 fac-

297 1452 390 1512 turn
410 1429 462 1510 sit
479 1449 615 1518 cutem
625 1427 807 1527 camdeno,
824 1450 865 1510 et
883 1456 969 1512 non
988 1431 1066 1514 nisi
1078 1453 1168 1538 post
1187 1431 1339 1511 multos

266 1599 268 1604 ·
298 1565 382 1654 dies
414 1587 611 1652 sanatum
670 1565 770 1648 Vidi
799 1565 912 1651 enim
938 1565 1157 1652 foeminam
1179 1567 1341 1648 variolis

164 1753 173 1768 ι
260 1794 267 1808 χ
298 1703 524 1804 numerosis
545 1724 795 1810 occupatam,
813 1730 906 1814 quse
919 1705 1036 1786 solito
1052 1732 1165 1786 more
1185 1731 1344 1810 suppu-

297 1863 502 1942 raverunt,
530 1863 569 1924 et
587 1863 855 1943 exaruerunt3
884 1841 1074 1950 quamvis
1091 1840 1195 1946 mihi
1214 1839 1342 1943 fidem

297 1980 394 2078 fecit
424 2009 464 2062 se
483 2001 574 2062 ante
604 2007 732 2060 annos
758 1978 899 2060 decem
928 1977 1052 2064 fuisse
1080 1979 1368 2080 inoculatam,¹

296 2139 337 2204 et
355 2138 445 2224 post
463 2117 649 2226 quinque
667 2115 1021 2226 diesvfebricitasse
1032 2143 1137 2236 'cum
1155 2117 1339 2223 quodam

296 2253 435 2362 capitis
450 2253 600 2352 dolore,
629 2280 753 2368 quem
769 2273 912 2334 secutae
925 2274 1028 2337 sunt
1045 2253 1216 2360 pustulas
1237 2282 1339 2360 psu-

295 2417 365 2488 cae,
383 2389 462 2472 cito'
482 2389 651 2502 quidem
670 2389 894 2490 recedentes
913 2387 999 2473 sine
1022 2389 1341 2496 suppuratione,

297 2549 338 2610 at
356 2553 446 2635 pars
465 2526 667 2612 inoculata
686 2526 761 2610 alte
781 2525 1003 2608 exulcerata
1021 2521 1153 2608 fuerat
1171 2552 1240 2632 per
1267 2526 1338 2608 de-

296 2689 384 2744 cem
402 2661 501 2764 dies,
528 2684 568 2744 et
599 2662 693 2744 dein
713 2662 793 2744 lata
822 2661 1003 2748 cicatrice
1030 2682 1180 2764 notata,
1208 2688 1337 2768 quam

174 2897 178 2905 Ι
294 2797 379 2910 ipse
397 2797 494 2882 vidi.
546 2777 547 2781 i
1309 2881 1314 2892 ,

297 3029 301 3036 ,
352 2936 457 3050 Quae
478 2934 527 3017 de
555 2935 659 3019 bene
676 2916 819 3021 multis
846 2933 1005 3042 aegrotis
1033 2956 1333 3036 annotaveram,

280 3073 370 3186 ¹qui
387 3101 473 3158 non
485 3071 648 3156 fuerant
666 3071 873 3176 inoculati,
892 3070 961 3156 sed
972 3069 1140 3154 variolas
1159 3070 1334 3170 fortuito

256 3279 260 3294 ,
294 3231 586 3318 contraxerant,
613 3238 659 3296 ea
686 3209 826 3299 omnia
856 3236 943 3290 non
974 3209 1020 3291 in
1052 3209 1206 3293 librum
1232 3235 1332 3302 cum

292 3347 441 3432 caeteris
461 3349 629 3449 morbis,
646 3329 790 3430 verum
809 3346 853 3426 in
876 3347 1030 3426 chartas
1050 3347 1332 3446 seorsim‘con-

286 3485 474 3596 jeceram,
504 3513 595 3593 quae
614 3483 696 3566 fere
725 3489 865 3566 omnes
884 3485 1017 3565 nescio
1047 3512 1131 3592 quo
1150 3512 1245 3566 casu
1266 3485 1330 3565 in-

252 3689 255 3696 .
289 3603 548 3712 resciderunt.
606 3621 775 3703 Amissis
795 3619 873 3722 his,
895 3647 1017 3728 cogor
1045 3621 1214 3728 abjicere
1233 3648 1328 3702 con-

290 3757 1234 3866 siliumtradendiprimohistoriamvariolarum
1246 3757 1328 3838 usi-

201 3875 205 3884 *
286 3895 542 3998 ratissimam,
570 3895 714 3987 deinde
734 3895 941 3986 satietates
968 3922 1122 3995 earum,
1150 3916 1190 3976 et
1211 3893 1326 3974 dissi-

288 4031 551 4150 militudines.
620 4037 757 4118 Paucae
795 4061 900 4146 quae·
927 4053 1144 4142 supersunt
1179 4029 1324 4120 charta

288 4190 484 4296 praecepta
502 4171 709 4278 sequentia
728 4170 1055 4283 suppeditarunt,
1103 4151 1106 4158 ¹
1138 4201 1144 4210 ·

344 4306 479 4394 Multa
496 4335 562 4394 me
580 4309 773 4420 exempla
787 4307 1015 4396 docuerunt
1032 4333 1100 4412 eos
1124 4304 1198 4416 qui
1215 4329 1325 4428 nun·
1373 4400 1378 4408 ¹
