3002 5086
648 560 747 656 235

176 787 260 848 tare
273 765 442 874 quidem
461 791 693 872 possumus,
713 764 782 846 sed
801 765 1009 848 interdurn
1024 767 1092 847 vix
1110 791 1218 852 certo

176 906 290 1004 scire,
329 903 455 983 donec
492 903 686 1010 paralysis
727 905 992 1008 superveniat.
1062 907 1221 1008 Ulcera,

177 1063 299 1149 atque
311 1039 745 1148 glandulaescirrhosae,
757 1013 1056 1146 perturbsibunt
1069 1017 1236 1124 intesti-=
1327 1037 1341 1054 ⁸

176 1207 328 1262 norum
347 1175 490 1278 officia,
508 1199 548 1259 et
567 1179 774 1259 interdum
787 1207 877 1284 pus,
891 1179 954 1258 vel
969 1207 1102 1280 cruor,
1121 1181 1220 1288 deji-

178 1317 315 1396 cietur.
374 1315 464 1396 Sive
483 1313 686 1414 intestina,
705 1344 775 1396 seu
794 1316 871 1396 alia
889 1313 1040 1398 ventris
1057 1317 1220 1418 viscera,

178 1452 241 1532 his
266 1451 374 1552 vitiis
402 1477 662 1558 occupentur,
688 1453 812 1532 simul
840 1455 1080 1560 plerumque
1112 1485 1221 1536 acce-

178 1589 285 1670 dunt
297 1613 466 1668 crurum
477 1610 671 1686 tumores,
682 1610 819 1670 motus
832 1591 1071 1670 arteriarum
1086 1593 1220 1672 conci·
1235 1621 1241 1634 ’

178 1747 299 1826 tatus,
327 1725 487 1826 macies,
514 1727 741 1826 fastidium,
768 1736 813 1808 et‘
847 1729 1019 1834 languor
1052 1729 1218 1810 virium.

179 1864 241 1944 Ut
269 1888 379 1942 toro·
397 1863 608 1942 certissimi
640 1889 816 1944 essemus
850 1862 1036 1963 scirrhos,
1072 1865 1219 1962 ulcera,
1305 1842 1308 1850 ¹

179 2025 398 2098 connexus,
412 2022 483 2080 aut
495 2001 588 2080 alias
600 2000 802 2081 viscerum
813 1999 1027 2106 pravitates
1041 2001 1200 2081 subesse
1207 2035 1220 2101 ς

165 2116 275 2220 ¹inde
305 2159 444 2217 tamen
474 2137 542 2216 tin
569 2165 745 2218 essemus
779 2137 910 2217 edocti
944 2137 1116 2243 amplius
1151 2138 1222 2217 ali-

181 2273 283 2382 quid
307 2274 465 2374 moliri,
494 2299 620 2380 quam
654 2275 798 2354 levare*
813 2272 987 2354 subinde
1019 2273 1222 2380 impetum
1298 2333 1303 2342 -

180 2399 399 2510 malorum,
427 2437 607 2517 quorum
626 2437 788 2491 causam
807 2411 943 2492 tollere
962 2439 1047 2490 non
1062 2412 1162 2492 licet.
1264 2433 1272 2458 ·
1315 2417 1319 2426 ’

211 2551 379 2636 ,Praeter
398 2539 496 2648 haec,
523 2568 563 2628 et
588 2527 743 2628 dolores
770 2547 1094 2648 intermittentes,
1122 2575 1221 2628 ven-

180 2682 349 2766 triculus
368 2707 408 2767 et
430 2685 624 2764 intestina.
638 2713 739 2792 saepe
768 2707 1155 2791 urgentur-angore,
1181 2707 1223 2766 et

180 2821 375 2920 molestia,
395 2820 491 2901 ortis
513 2821 575 2900 vel
589 2849 637 2900 ex
651 2821 858 2902 debilitate
877 2819 993 2902 istius
1008 2819 1223 2922 facultatis,

182 2985 273 3064 quae
289 2957 509 3064 concoquit
527 2977 566 3038 et
584 2957 732 3064 digerit
746 2959 873 3057 cibos,
891 2978 931 3038 et
949 2957 1139 3064 reliquias
1155 2985 1223 3037 su·
1341 2987 1346 2998 ·

181 3121 397 3202 pervacuus
417 3094 602 3201 expellit3
631 3096 695 3174 vel
713 3123 761 3174 ex
779 3095 880 3175 cibis
899 3093 1051 3194 alienis,
1079 3095 1141 3174 vel
1159 3093 1223 3173 ni·

182 3233 294 3331 miis3
315 3233 378 3311 vel
393 3254 596 3338 postremo
612 3231 774 3312 excutis
790 3230 912 3330 vitiis,
930 3253 1001 3311 aut
1012 3230 1221 3312 doloribus

181 3369 335 3474 capitis,
363 3389 593 3468 artuumve,
622 3369 809 3474 imperita
828 3369 1048 3469 curatione,
1069 3370 1132 3448 vel
1151 3353 1224 3448 sua

182 3527 336 3612 sponte,
348 3489 552 3585 inviscera
565 3505 746 3612 trajectis.
779 3504 922 3586 Nervis
934 3505 1223 3586 intestinorum

183 3641 558 3749 quomodocunque
566 3641 794 3742 infirmatis,
807 3643 1224 3748 subsequunturnau·

182 3807 259 3879 sea,
287 3781 480 3878 vomitus,
519 3781 632 3860 alvus
670 3779 775 3878 fusa,
803 3759 1022 3879 tenesmus,
1054 3775 1225 3880 inflatio,

183 3943 321 3998 sensus
338 3917 557 4023 gravitatis,
576 3939 715 3998 venter
727 3917 924 4016 intentus,
942 3915 1225 4023 borborygmi,

180 4053 338 4133 dolores
378 4053 633 4158 spasmodici,
670 4051 885 4134 difficultas
923 4052 1066 4153 urinae,
1103 4074 1225 4159 atque

183 4217 276 4270 acor
309 4190 540 4290 acerrimus,
569 4189 643 4297 qui
676 4189 808 4272 exedit
837 4187 1056 4270 cuticulam
1085 4213 1226 4268 earum

184 4326 376 4433 partium,
395 4353 465 4432 per
481 4353 582 4432 quas
598 4325 789 4408 humores
809 4325 892 4408 sive
907 4323 1125 4426 vomendo,
1143 4325 1227 4407 sive

184 4461 408 4571 dejiciendo
426 4459 624 4546 ferantur.¹
