3050 5084
310 731 494 816 triculus'
507 730 646 812 do'lo're
669 729 949 835 torquebatur.
1007 731 1176 818 norom
1193 731 1350 821 lumbo-

309 845 421 968 rum,
447 895 655 966 coxarum,
684 889 724 948 et
741 866 867 968 dorsi,
884 866 1024 950 subito
1043 869 1225 956 solebant
1242 868 1353 950 inva-

307 1006 415 1104 dere,
442 1005 512 1086 vix
530 1003 777 1086 semihoram
801 1026 1021 1090 manentes.
1078 1007 1355 1090 neaeram..

184 1131 189 1139 ’
308 1168 388 1222 nus
406 1141 453 1222 in
470 1139 553 1222 dies
574 1167 721 1246 paucos
741 1141 938 1240 tumebat,
965 1164 1006 1224 et
1023 1141 1196 1228 dolebat.
1252 1141 1353 1224 Sura

306 1279 407 1362 lava
433 1277 479 1360 in
506 1277 685 1360 biduum
713 1275 811 1360 adeo
839 1277 1015 1380 dolebat,
1051 1299 1101 1364 ut
1126 1279 1241 1386 tangi
1267 1297 1354 1364 no'n
1486 1315 1487 1376 g

307 1415 545 1514 sustineret,
566 1436 702 1496 tamen
721 1414 858 1496 nullus
878 1437 963 1498 orat
981 1417 1102 1517 calor,
1119 1444 1194 1498 nec
1212 1415 1352 1516 rubor,

306 1579 381 1638 nec
410 1568 558 1634 mmor.
612 1553 762 1632 Dextra
781 1577 871 1657 pars
891 1553 1041 1634 ventris
1060 1553 1231 1636 dolebat.
1279 1555 1351 1634 Per

306 1689 411 1772 duos
440 1709 662 1796 postremos
703 1687 795 1768 vitae
828 1716 984 1772 menses
1012 1691 1126 1772 alvus
1153 1711 1238 1774 erat
1266 1689 1351 1770 sins

255 1933 258 1945 ¹
306 1827 433 1908 modo
463 1823 569 1926 fusa,
598 1847 639 1908 et
654 1825 789 1910 ‚nullia
818 1827 1004 1908 remediis
1033 1825 1350 1932 comprimenda.

307 1963 423 2046 Mors
443 1959 569 2044 finem
587 1961 739 2044 horum
759 1965 962 2046 malorum
975 1963 1070 2046 fecit
1085 1985 1196 2044 sexto
1213 1949 1349 2054 morbi

306 2127 455 2180 mense.
512 2100 614 2181 Lien
647 2101 723 2180 late
745 2101 993 2182 exulceratus
1012 2121 1109 2200 erat,
1137 2100 1347 2207 etreliqua

305 2235 390 2342 ejus
411 2261 500 2342 pars
520 2235 565 2316 in
584 2237 737 2316 saniem
756 2237 917 2342 nigram
935 2265 1068 2318 versa:
1089 2237 1188 2320 item
1206 2259 1347 2343 praeter

305 2393 497 2454 naturam
511 2371 977 2478 adhaerebatperitonaeo.
1036 2375 1159 2456 Nulla
1173 2359 1249 2454 alia
1260 2399 1346 2456 cors

286 2543 288 2546 ·
304 2509 414 2619 poris
434 2535 524 2616 pars
538 2510 753 2590 videbatur
766 2539 848 2592 esse
867 2511 1020 2592 uitiosa.

361 2646 439 2754 Vir
453 2646 556 2728 duos
571 2669 610 2728 et
626 2648 894 2754 quadraginta
906 2677 1032 2730 annos
1048 2671 1180 2750 natus,
1194 2647 1345 2730 multos

280 2889 283 2896 ι
306 2811 461 2864 menses
478 2807 694 2890 occupatus
710 2785 842 2866 fuerat
853 2785 1028 2886 fastidio,
1042 2784 1263 2886 inflatione,
1277 2785 1345 2868 dn

299 2921 545 3030 jectionibus
566 2923 690 3001 modo
717 2921 830 3020 albis,
858 2923 982 3004 modo
1011 2923 1199 3022 cruentis,
1225 2923 1345 3002 urina

304 3059 431 3157 fusca,
473 3081 666 3158 tenesmo,
707 3087 867 3158 nausea,
895 3057 1086 3139 vomendi
1115 3059 1345 3176 cupiditate,

304 3193 480 3275 maxime
500 3195 533 3274 si
552 3194 782 3276 stomachus
812 3215 913 3278 esset
926 3195 1108 3302 jejunus,
1126 3195 1342 3301 jactatione

304 3358 479 3431 summa,
498 3331 648 3438 vigilia,
667 3357 789 3414 cursu
809 3307 1014 3438 sanguinis
1029 3360 1051 3412 e
1065 3332 1246 3432 naribus,
1264 3331 1342 3430 siti,

304 3490 344 3552 et
377 3467 532 3569 delirio,
574 3469 761 3575 quamvis
789 3469 912 3556 febris
941 3489 1026 3552 non
1054 3493 1203 3576 magna
1229 3489 1337 3552 estet.

302 3604 489 3688 Tandem
521 3607 699 3687 vomitus
729 3607 934 3712 sanguinis
964 3608 1137 3708 accessit,
1171 3607 1245 3714 qui
1273 3605 1338 3686 vix

303 3743 487 3850 quinque
502 3741 619 3824 horas
636 3742 878 3845 substiterat,
899 3744 1141 3852 priusquam
1152 3743 1284 3844 rediit,
1301 3763 1340 3824 et

293 3879 429 3982 ¹finem
447 3879 538 3960 vitae
558 3879 702 3962 attulit.
747 3879 861 3962 ‘Lien
880 3903 969 3980 erat
988 3881 1155 3964 inaulita
1184 3881 1339 3987 magni-

301 4017 470 4116 tudinis,
497 4003 582 4098 sine
609 4016 768 4099 duritie.
826 4018 997 4100 Interior
1025 4019 1109 4125 ejus
1137 4044 1227 4125 pars
1256 4039 1337 4100 tota

301 4154 497 4241 tabefacta
514 4177 599 4236 erat
616 4153 661 4237 in
676 4154 829 4236 saniem
847 4175 1067 4238 cruentam.
1125 4155 1336 4270 Glandulae

300 4291 528 4383 masentarii
547 4289 687 4374 eadem
706 4293 813 4375 sanie
827 4291 1008 4376 distenta
1028 4315 1152 4376 mant.
1200 4297 1338 4402 Hepa

300 4449 384 4515 erat
403 4455 560 4515 sanum.
590 4428 843 4534 Stomachus,
862 4458 943 4538 qua
966 4432 1112 4526 lienem
1126 4432 1339 4538 contingit,
