3002 5086
786 427 884 534 lso

300 625 565 716 ¹'evocandam
623 635 719 715 Non
734 661 826 716 raro
845 634 1012 741 quoque
1032 649 1192 740 oportet
1205 647 1352 743 aquam

306 771 617 852 exventreferro
625 773 807 853 emittere
814 800 934 871 ;cum
942 772 974 851 is
984 770 1029 850 in
1038 792 1195 852 tantam
1206 773 1355 870 molem

294 910 493 1015 ‘assurgis
520 932 560 990 et
588 909 763 990 humore
789 909 888 989 adeo
919 908 1178 1009 distenditur,
1202 932 1251 990 ut
1272 909 1355 991 fero

205 1071 211 1082 ·
304 1069 535 1152 rumpatur,
545 1069 584 1127 et
596 1047 759 1152 spiritus
771 1047 840 1126 vix
851 1045 957 1127 trahi
969 1047 1104 1152 possit
1134 1047 1250 1128 Licet
1261 1075 1355 1129 vero
1421 1043 1422 1048 ‘
1489 1053 1490 1094 ³

211 1167 215 1172 ¹
303 1213 353 1266 ex
371 1184 450 1264 hoc
463 1185 663 1266 foramine
679 1185 812 1266 omnis
828 1213 934 1292 aqua
949 1207 1074 1283 exeat,
1092 1205 1230 1264 tamen
1249 1185 1354 1266 inter

304 1321 630 1428 quamplurimos
645 1322 719 1428 qui
734 1321 790 1402 sic
805 1322 925 1402 levati
936 1320 1118 1421 fuerunt,
1136 1319 1207 1400 vix
1221 1349 1353 1402 unum

302 1482 344 1540 et
363 1460 535 1539 alterum
554 1458 737 1557 memini,
757 1485 938 1564 quorum
958 1459 1129 1540 morbus
1149 1487 1235 1538 non
1249 1459 1353 1540 redi·

303 1595 393 1698 erit,
422 1598 545 1703 quive
573 1596 702 1676 indies
731 1594 976 1677 labefactatis
995 1597 1153 1678 viribus
1176 1623 1264 1679 non
1289 1623 1354 1678 ex·

270 1769 274 1778 ·
303 1733 422 1815 tincti
452 1736 559 1834 sint,
588 1735 753 1841 quippe,
768 1757 828 1814 ut
858 1756 976 1814 antea
1000 1734 1160 1814 dictum
1177 1757 1251 1835 est,
1279 1734 1353 1842 hy-

301 1872 424 1976 drops
444 1871 734 1951 tantummodo
754 1871 921 1976 signum
940 1893 999 1952 est
1018 1871 1194 1972 alterius,
1212 1893 1254 1952 et
1273 1849 1353 1978 ple-¹

301 2007 480 2115 rumque
498 2008 675 2114 pestiferi
695 2008 842 2088 morbi.

359 2145 627 2257 Quibusdam
647 2147 818 2250 contigit
846 2175 929 2226 osse
958 2146 1057 2228 adeo
1075 2146 1279 2248 felicibus,
1305 2169 1352 2228 ut

302 2285 436 2392 primo
455 2285 603 2364 morbo
619 2284 835 2389 incipiente
850 2283 908 2364 ire
922 2284 967 2363 in
982 2285 1141 2385 melius,
1160 2285 1255 2366 fons
1276 2283 1350 2394 hy·

300 2421 437 2526 dropis
451 2447 684 2526 suppressus
698 2420 761 2520 sit,
780 2443 819 2500 et
832 2419 928 2526 aegri
940 2449 988 2502 ex
1001 2421 1230 2502 valetudine
1243 2421 1350 2502 anci-

298 2559 375 2666 piti
395 2557 693 2638 assurrexerint.
752 2559 862 2637 Inter
880 2559 926 2638 es
954 2533 1090 2658 etium,
1119 2587 1211 2664 quae
1248 2587 1350 2660 raro,

299 2699 341 2776 et
359 2718 504 2801 praeter
523 2695 713 2775 omnium
733 2723 859 2800 spem,
887 2693 931 2774 in
950 2693 1028 2776 hoc
1048 2697 1196 2776 morbo
1216 2695 1350 2810 eveni-¹

299 2855 392 2932 unt,
420 2833 518 2940 poni
548 2832 669 2912 debet
687 2831 935 2912 incredibilis
954 2831 1083 2912 urinae
1102 2833 1230 2944 copia,
1261 2829 1349 2941 qussae

300 2999 374 3050 sua
388 2993 529 3076 sponte
542 2993 704 3076 repente
719 2967 847 3049 effusa
860 2967 1070 3050 interdum
1085 2968 1191 3050 intra
1207 2997 1351 3076 paucas

298 3107 418 3190 horas
433 3130 640 3189 tumorem
652 3107 812 3212 penitus
828 3103 959 3186 solvit.
1003 3106 1214 3187 Nimirum
1224 3106 1350 3188 facul·

299 3267 359 3326 tas
374 3267 433 3326 est
451 3245 641 3352 quaedam
655 3243 864 3349 incognita
879 3243 923 3322 in
936 3271 1100 3350 corpore
1112 3245 1278 3324 animali
1289 3239 1351 3324 ‘rm

299 3383 386 3478 sita,
417 3410 508 3488 quoe
527 3381 748 3461 humorem
773 3408 941 3460 omnem
960 3383 1005 3460 in
1028 3352 1167 3461 senne
1186 3381 1352 3462 conclu·

299 3545 393 3600 sum
422 3517 637 3624 absorpsit,
663 3540 786 3624 atque
814 3517 859 3596 in
887 3544 1000 3598 renes
1019 3518 1150 3598 vertit.
1208 3517 1349 3600 Exitus

297 3653 537 3761 hujusmodi
560 3685 584 3734 a
601 3675 748 3735 natura
762 3656 845 3735 sola
864 3654 1081 3761 profectus,
1110 3677 1239 3761 potest
1259 3655 1350 3761 qui·

296 3793 393 3873 dem
430 3791 685 3872 immeritum
713 3791 915 3872 honorem
943 3793 1121 3873 attulisse
1150 3791 1350 3889 remediis,

297 3929 616 4037 quibuscunque
636 3927 715 4008 hoc
735 3951 915 4034 tempore
932 3957 1034 4034 aeger
1053 3929 1257 4012 utebatur.

350 4066 579 4146 Nonnullos
610 4065 856 4174 hydropicos
886 4069 1074 4171 cognovi,
1113 4093 1217 4172 quos
1246 4045 1349 4169 cepit

296 4203 445 4311 cupido
461 4205 511 4284 ab
533 4205 752 4310 omnigena
766 4203 931 4308 potione
946 4204 1177 4284 abstinendi
1194 4238 1207 4302 ;
1235 4198 1348 4308 quod

295 4342 424 4424 facere
455 4341 739 4426 sustinuerunt
758 4341 1030 4448 quadraginta
1047 4341 1146 4442 dies,
1174 4363 1248 4422 aut·
1262 4318 1361 4420 arm-¹
