3050 5084
643 489 744 594 353
800 535 803 551 ,

170 718 263 801 quae
300 691 550 802 ceteroquin
597 718 701 780 recte
738 694 939 796 valebant,
980 720 1101 806 caput
1136 727 1214 800 sus>

172 852 313 938 sponte
333 833 471 914 voluta
499 832 580 914 fuit
607 830 677 932 ita,
704 855 753 917 ut
770 831 890 916 facies
919 833 970 916 ad
989 835 1212 919 humerum

172 989 374 1074 spectaret
434 971 527 1053 Hoc
546 969 591 1050 in
619 968 704 1052 aliie
724 968 853 1052 fitad
872 971 1034 1071 laevum,
1060 973 1106 1054 in
1125 973 1211 1056 aliis

169 1105 223 1188 nd
241 1104 431 1188 dextrum
450 1105 696 1206 humerum
724 1129 765 1190 et
782 1106 857 1190 diu
871 1109 1112 1216 plerumque
1123 1137 1212 1216 per-

165 1265 334 1334 severat.
392 1243 637 1344 visentem,
666 1269 759 1350 quae
783 1243 1084 1346 satisfaciens,
1112 1247 1211 1328 adeo

170 1378 361 1481 lenisset,
389 1401 442 1460 ut.
453 1378 644 1465 facillime
669 1379 847 1486 superari
876 1381 1011 1488 possit.
1070 1383 1211 1496 Itaque

169 1539 304 1624 caput,
322 1517 430 1599 dum
444 1516 489 1598 in
503 1516 692 1625 pulvinar
710 1517 933 1624 reponitur,
951 1515 998 1602 fit
1013 1507 1181 1626 rectum.

225 1655 367 1738 Febres
382 1654 426 1736 in
441 1654 582 1736 insulis
601 1654 866 1755 Americanis,
880 1677 927 1738 ut
955 1653 1064 1743 fame
1078 1655 1218 1754 refert..

171 1792 275 1874 mire
293 1791 531 1899 perturbant
546 1790 699 1874 cerebri
717 1788 861 1892 officia,
874 1814 913 1874 et
927 1793 1102 1876 excitant
1114 1793 1213 1878 istos

171 1929 367 2016 terribiles
387 1928 478 2010 visu
504 1953 696 2034 spasmos,
721 1929 796 2036 qui
815 1927 1009 2018 dicuntur
1033 1955 1215 2039 emptos.

171 2067 381 2167 tbotonus,
394 2047 740 2172 etopisthotouur.
785 2065 845 2148 Hi
857 2065 1049 2148 rmissimi
1061 2067 1214 2152 suntin

172 2205 346 2311 Anglia;
375 2227 508 2310 neque
526 2201 658 2288 ausim
685 2203 818 2289 ditem
835 2203 981 2303 febres,
1009 2229 1108 2310 quas
1128 2203 1214 2311 ipse

172 2341 273 2444 vidi,
302 2342 482 2425 multum
500 2339 671 2424 valuisse
699 2361 769 2423 aut
798 2339 860 2424 sd·
877 2341 1119 2447 glgnendas,¹
1142 2365 1215 2424 aut

174 2480 226 2564 ad
245 2479 448 2586 augendae
466 2477 738 2560 distentiones.
796 2477 959 2560 Etenim
985 2477 1018 2560 si
1037 2477 1105 2558 alii
1123 2501 1215 2584 post

174 2617 367 2728 ancipites
379 2615 510 2698 febres
522 2612 834 2698 distentionibus
847 2607 1030 2720 occupati
1041 2615 1213 2716 fuerint3

175 2755 243 2838 alii
261 2777 399 2842 tamen
412 2753 490 2834 hoc
509 2751 597 2858 ipso
611 2773 791 2857 tempore
809 2751 949 2836 abillis
965 2773 1217 2858 praeterens-s

128 2981 129 2984 Ν
173 2891 432 2976 suetudinem
455 2887 572 2972 liberi
589 2887 768 2972 fuerunt.
1213 2897 1215 2902 ’

229 3029 406 3110 Somnus
426 3025 738 3106 distentionibus
750 3024 903 3105 amicus
919 3045 990 3124 est,
1001 3045 1049 3106 ut
1066 3047 1106 3105 et
1125 3053 1212 3104 om-

175 3165 299 3247 nibus
314 3162 429 3244 mulis
441 3189 533 3270 quae
548 3189 596 3242 ex
612 3187 833 3242 nervorum
850 3158 1059 3242 affectibus
1075 3163 1214 3242 oriun-

176 3325 255 3384 tur.
314 3303 454 3408 ltaque
483 3299 544 3379 hae
564 3324 732 3405 quoque
756 3320 882 3378 noctu
900 3301 1098 3404 ptaecipue
1126 3325 1215 3379 mo-

176 3441 280 3522 lestae
294 3459 400 3529 suut.
430 3435 542 3516 Alios
554 3433 756 3514 invadunt
764 3432 809 3514 in
821 3461 1014 3516 somnum
1026 3434 1216 3538 labentes,

177 3575 273 3658 alios
293 3573 619 3680 expergiscentes,
646 3558 797 3652 multus
820 3555 942 3652 etism
970 3569 1215 3652 dormientes

176 3713 362 3797 excitant.
420 3711 542 3792 Potus
561 3707 666 3790 acidi
687 3707 895 3792 nonnullis
915 3707 1106 3790 visisunt
1134 3706 1216 3788 dis-

176 3851 374 3934 tentiones
392 3849 585 3932 iutulisse.
717 3839 724 3850 ’

231 3985 504 4072 Dissensiones
522 3985 625 4066 leves
645 3982 860 4066 solvuntur
874 3978 1072 4062 mutando
1087 4007 1217 4066 mem-

176 4122 392 4209 brieitum.
421 4121 639 4204 Nonnullis
656 4119 840 4228 praesidio
854 4117 936 4200 fuit
950 4109 1113 4224 spiritus
1128 4116 1216 4196 vini

177 4259 466 4350 subnussimus
494 4259 599 4342 suris
617 4255 840 4342 infricatus.
898 4255 1002 4336 Item
1029 4253 1215 4336 tincturae

162 4395 263 4506 opii
281 4418 406 4506 gutte
425 4395 611 4504 quinque
629 4418 727 4480 cum
752 4395 938 4478 tincturae
958 4419 1032 4477 asu
1061 4389 1215 4476 foetidae

664 4554 732 4614 nrt
