3002 5086
597 545 699 642 ass
791 494 794 504 ’

138 755 234 838 duos
246 779 406 837 menses
421 751 468 832 in
485 777 532 832 ea
544 749 670 834 domo
690 751 897 854 mansisse,
915 752 960 834 in
979 781 1064 862 qua
1078 754 1168 862 plus

141 891 273 1000 viginti
292 917 420 972 annos
440 886 603 969 fuerant
622 888 812 970 conclusi.

187 1027 454 1110 Accedentem
471 1024 673 1104 insaniam
692 1025 878 1107 homines
894 1054 995 1134 saepe
1010 1051 1173 1134 augent,

141 1165 276 1250 vinum
294 1165 609 1268 intemperanter
628 1183 827 1267 potantes,
854 1185 894 1243 et
912 1153 1079 1270 inceptis
1099 1194 1173 1246 no-

139 1303 206 1402 vis,
232 1323 270 1384 et
288 1300 394 1382 nihil
417 1299 698 1397 attinentibus,
726 1298 829 1378 mire
848 1327 890 1380 se
918 1300 1171 1384 solicitantes.

139 1439 217 1518 Ubi
230 1439 317 1545 ipso
329 1409 449 1518 initio
463 1425 648 1516 amentiae
661 1435 779 1542 copia
793 1464 995 1518 suomore
1008 1439 1173 1520 vivendi
1287 1479 1290 1484 ·

137 1575 278 1659 insanis
291 1575 509 1674 adimatur,
523 1573 662 1680 positis
677 1601 763 1654 non
775 1575 853 1655 sub
868 1597 1060 1680 potestate
1072 1577 1174 1656 ami-

138 1739 289 1812 corum,
303 1711 368 1794 ve'l
384 1739 596 1792 servorum
611 1711 795 1809 suorum,
809 1711 877 1791 sed
893 1712 1110 1792 custodum
1124 1713 1173 1792 iis

139 1875 295 1956 prorsus
311 1849 564 1956 ignotomm,
575 1875 661 1929 non
675 1874 766 1961 raro
777 1848 923 1948 evenit,
936 1871 985 1929 ut
996 1849 1111 1928 brevi
1122 1847 1175 1928 ad

128 1987 347 2094 ,oredeant
358 1988 443 2068 sine
454 1987 845 2067 medicamentorum
858 1986 1017 2072 auxilio
1047 1983 1176 2096 Quod

139 2123 170 2202 si
180 2125 290 2206 alvus
304 2125 503 2206 astrictior
514 2123 652 2223 fuerit,
664 2151 734 2204 seu
746 2150 890 2230 corpus
903 2123 1039 2203 inutili
1051 2123 1177 2222 victu,

139 2261 318 2369 vinoque
341 2262 466 2343 nimis
486 2259 653 2362 calefiat,
682 2260 897 2366 purgantia
915 2263 1097 2374 multum
1125 2260 1181 2340 ad

138 2402 347 2482 sanitatem
360 2489 364 2496 ¹
377 2383 595 2480 conferent.
655 2399 726 2478 Est
745 2426 912 2504 quoque
939 2397 1014 2477 ubi
1033 2398 1176 2504 opium

139 2535 288 2623 animos
315 2537 546 2635 mulcendo,
574 2557 614 2616 et
636 2535 837 2615 ‘somnum
865 2533 1063 2634 faciendo,
1090 2561 1177 2616 non

139 2673 391 2756 mediocriter
409 2673 538 2780 juvat
597 2674 741 2752 Praeter
770 2694 906 2752 autem
924 2672 1009 2752 haec
1037 2699 1178 2778 pauca,

140 2809 237 2917 nihil
256 2812 445 2918 cognovi,
475 2809 589 2918 quod
607 2809 763 2915 aliquid
792 2809 878 2914 opis
900 2811 945 2890 in
973 2837 1014 2892 se
1032 2809 1177 2894 habeat

140 2947 188 3028 ad
204 2947 312 3032 hanc
330 2971 487 3032 tantam
504 2947 773 3028 calamitatem
793 2947 1016 3036 levandam
1064 2998 1068 3012 ι

458 3159 561 3169 nm.-

510 3363 513 3372 ·
556 3320 662 3402 Car.
689 3323 754 3402 54.
938 3411 945 3432 ι

381 3477 449 3562 De
469 3480 757 3564 Intestino-om
776 3483 935 3562 Dolores

192 3639 408 3724 Dononss
438 3641 728 3723 intestinorum
756 3667 853 3722 cum
878 3663 1102 3724 nascuntur
1130 3669 1179 3726 ex
1268 3703 1274 3718 .

142 3777 276 3858 multis
297 3779 440 3878 causis,
468 3805 569 3886 quas
589 3779 871 3886 cognovimus,
897 3801 989 3860 tum
1008 3777 1178 3862 forsitan

140 3937 186 3991 ex
200 3915 299 4011 aliis,
313 3945 414 4024 quas
430 3916 619 3997 nondum
631 3911 893 4022 suspicamur.
953 3919 1061 3997 Cura
1075 3941 1177 4020 opus

140 4069 208 4149 est,
235 4073 284 4134 ut
304 4079 473 4158 semper,
499 4073 704 4160 quantum
723 4051 811 4134 fieri
829 4073 973 4160 potest,
1001 4079 1094 4134 vera
1112 4081 1180 4135 eo-
1243 4033 1253 4044 “

140 4207 232 4266 rum
261 4189 376 4295 origo
396 4190 630 4296 detegatur3
660 4191 810 4272 etenim
830 4217 903 4296 pro
922 4189 1079 4273 diversa
1107 4217 1182 4272 na·

142 4342 242 4422 tura,
271 4326 347 4406 alia
366 4347 488 4434 atque
509 4327 585 4408 alia
603 4327 758 4410 curatio
778 4325 1061 4434 postulabitur.

195 4459 338 4546 Morbi
357 4463 605 4572 oratiorum,
622 4465 742 4568 uteri,
761 4464 913 4568 vesicae,
932 4491 1092 4566 renum,
1109 4463 1179 4548 lie·
