3104 5084
1072 480 1083 550 ἶ.

189 706 437 817 pulmonum
451 723 716 812 occupantur,
730 701 968 812 petaliquot
986 729 1141 786 menses
1161 729 1232 786 an·

190 831 359 954 tequam
370 841 613 943 moriantur,
626 843 792 924 nullum
803 841 1045 950 sanguinem
1056 871 1104 924 ex
1115 863 1232 924 utero
1343 909 1344 917 a

188 981 422 1066 effundunt.
955 1079 959 1086 Ι
1215 1079 1219 1088 ,

167 1151 170 1162 ¹
239 1116 474 1226 suppressis
493 1115 726 1217 menstruis,
744 1115 824 1197 nisi
838 1115 883 1199 id
901 1116 952 1198 ab
968 1115 1054 1198 aliis
1069 1141 1234 1223 prorsus

189 1255 347 1341 morbis
382 1253 567 1362 pendeat,
594 1253 785 1336 oriuntur
817 1253 974 1334 dolores
1003 1275 1044 1334 et
1074 1253 1234 1359 pondus

188 1391 347 1500 capitis,
374 1391 543 1496 vertigo,
573 1389 721 1498 pallida
741 1411 782 1472 et
805 1390 928 1470 simul
955 1389 1153 1470 tumidior
1175 1390 1237 1472 fa·

188 1529 283 1628 cies,
302 1525 473 1628 inflatio,
491 1554 653 1628 nausea,
670 1526 896 1626 fastidium,
913 1525 1104 1626 cruditas,
1121 1527 1236 1608 dolo-

189 1691 253 1750 res
274 1664 490 1746 ventriculi
516 1685 558 1748 et
575 1664 780 1748 viscerum
807 1663 1091 1771 graviditatem
1121 1691 1236 1746 men-

190 1802 351 1902 tientes,
377 1801 535 1884 dolores
566 1801 751 1908 pectoris,
779 1801 925 1902 lateris,
953 1801 1075 1902 dorsi,
1104 1823 1143 1882 et
1168 1829 1237 1907 ge·

189 1963 341 2039 nuum,
360 1957 541 2024 tumores
560 1965 743 2039 crurum,
762 1938 923 2038 macies,
940 1959 1093 2046 torpor,
1111 1937 1237 2024 subiti

188 2076 356 2176 calores,
385 2073 594 2178 lassitudo,
616 2075 763 2158 anima
781 2074 967 2175 defectio,
986 2075 1160 2174 tristitia,
1178 2097 1238 2156 at-

190 2241 275 2321 que
295 2211 402 2292 mala
420 2211 621 2322 hysterica
646 2210 780 2294 omnis
800 2211 967 2319 generis.
1026 2211 1239 2294 Interdum

188 2345 447 2458 profluvium
467 2348 609 2440 album
625 2349 711 2430 vice
723 2369 1032 2430 menstruorum
1045 2347 1239 2430 functum

188 2505 266 2586 est,
294 2482 464 2590 singulis
483 2483 694 2570 mensibus
714 2485 1034 2568 constantissime
1053 2485 1235 2584 rediens,

190 2621 407 2704 interdum
435 2649 617 2732 quoque,
645 2623 715 2706 sed
742 2625 875 2706 multo
901 2623 1046 2722 rarius,
1074 2606 1237 2729 sanguis

191 2758 391 2860 vomitur,
410 2760 474 2840 vel
491 2787 516 2840 a
533 2761 699 2842 naribus
720 2759 898 2860 distillat,
920 2781 961 2842 et
978 2782 1238 2842 menstruum

192 2894 418 2978 circuitum
446 2917 587 2978 servat.
646 2897 803 2978 steriles
832 2919 942 2996 sunt,
957 2897 1108 3004 quibus
1124 2925 1239 2978 men·-

193 3055 310 3116 strue
339 3033 451 3115 nulla
470 3033 739 3140 proveniunt:
769 3033 959 3142 quaedam
986 3055 1125 3116 tamen
1143 3061 1241 3116 con-

194 3169 314 3292 cepit,
340 3197 432 3277 quae
452 3171 515 3252 bis
531 3193 693 3254 tantum
712 3171 757 3252 in
776 3197 885 3252 anno
904 3169 1122 3253 menstruis
1142 3197 1239 3278 pur-

193 3307 381 3414 gebatur.

255 3427 511 3556 Quanquam
523 3445 685 3552 sanguis
698 3446 880 3530 uterinus
889 3443 1052 3554 justum
1066 3446 1241 3528 modum

196 3599 340 3688 servet,
357 3601 397 3662 et
416 3582 599 3664 ordinate
618 3605 853 3686 revertatur,
871 3605 1008 3667 tantus
1023 3606 1160 3666 tamen
1178 3583 1241 3664 in-

195 3717 361 3800 terdum
380 3717 497 3801 dolor
514 3741 587 3822 est,
615 3743 793 3828 quantus
812 3721 926 3802 nullo
941 3721 1019 3803 alio
1038 3743 1241 3802 menstru-

197 3881 320 3936 orum
337 3855 439 3936 vitio
457 3857 677 3958 excitatum
706 3885 852 3940 verum
870 3857 1035 3942 adversa
1052 3859 1242 3940 valetudo

197 3989 294 4072 inde
312 4019 398 4073 non
417 3995 630 4102 contingit.
689 3971 773 4078 Hic
791 3995 908 4078 dolor
926 3997 1061 4103 primo
1080 3995 1145 4078 die
1159 3998 1242 4104 ple-

199 4155 377 4236 rumque
395 4131 560 4234 accedit,
578 4153 618 4220 et
641 4159 946 4243 nonnunquam
963 4133 1071 4216 intra
1082 4161 1149 4216 sex
1168 4133 1243 4217 ho-

200 4289 262 4346 ras
278 4263 446 4368 finitur;
475 4269 575 4360 adeo
594 4293 732 4353 autem
752 4299 880 4354 saevus
900 4291 972 4372 est,
988 4291 1039 4354 ut
1055 4269 1244 4354 muliere

200 4401 301 4484 lecto
312 4433 475 4513 surgere
483 4435 648 4526 prorsus
657 4437 743 4496 non
754 4409 890 4524 possit.
948 4409 1016 4494 Bis
1025 4431 1136 4496 terve
1145 4410 1244 4494 novi

371 4543 398 4624 7
