3002 5086
641 426 740 538 189

161 640 370 725 distendit.
420 641 589 720 Horum
602 639 748 747 utique
760 661 899 722 tumor
911 641 1007 724 oriri
1020 651 1151 751 potest
1162 653 1211 728 e'x

162 779 348 862 universi
367 776 546 884 corporis
566 775 785 878 debilitate,
812 805 940 885 quam
958 783 1129 864 morbus
1148 783 1213 864 ins

152 915 342 1015 duxerit,
353 937 475 1020 atque
487 939 717 994 anasarcam
733 913 894 1015 referre,
907 916 999 998 licet
1011 945 1096 998 non
1108 919 1213 1001 deri·-

151 1075 285 1134 ¹vetur
299 1052 351 1132 ab
369 1050 544 1158 humore
563 1049 608 1128 in
627 1050 845 1131 abdomine
865 1051 1042 1135 collecto.

223 1187 366 1270 Ardua
382 1216 443 1268 res
463 1209 522 1268 est
541 1215 666 1293 aquas
686 1187 928 1295 hydropicae
948 1189 1108 1270 amoliri
1128 1191 1211 1272 sive

156 1323 496 1436 peralvum,sive
508 1323 767 1430 perusinam,
782 1324 1034 1406 sudoremve.
1082 1327 1211 1438 Quod

157 1462 204 1544 si
217 1461 510 1542 medicamenta
522 1483 709 1566 optatum
720 1461 919 1542 auxilium
934 1461 1157 1564 attulerint,
1170 1486 1213 1545 et

161 1600 301 1680 omnis
314 1627 421 1704 aqua
431 1597 556 1679 fuerit
567 1595 709 1700 effusa3
730 1622 868 1679 tamen
879 1599 1060 1680 multum
1073 1627 1211 1706 super-

163 1740 247 1818 erit
273 1735 491 1842 agendum,
520 1759 642 1844 atque
662 1763 765 1842 aeger
793 1735 838 1816 in
860 1736 1003 1818 eodem
1032 1736 1211 1842 periculo

163 1873 407 1974 versabitur,
434 1873 512 1952 nisi
532 1873 716 1972 morbus,
745 1901 877 1980 aquo
905 1873 1106 1980 pendebat
1134 1873 1211 1981 hy·

161 2012 304 2118 drops,
326 2012 389 2090 vel
408 2023 566 2110 natura,
584 2011 648 2092 vel
667 2033 750 2090 arte
779 2011 961 2092 sublatus
982 2010 1043 2090 sit.
1103 2009 1211 2090 Illud

164 2176 265 2230 uero
276 2147 524 2228 admonendi
537 2171 646 2247 sunt,
662 2170 867 2254 quotquot
879 2147 1118 2254 purgatione
1130 2139 1211 2228 alvi

161 2311 288 2392 opem
303 2283 407 2365 ferre
418 2283 482 2364 his
496 2285 610 2389 aegris
624 2285 808 2384 student3
828 2311 972 2364 eorum
984 2283 1087 2364 vires
1102 2312 1211 2364 mor-

162 2421 224 2501 bo
239 2449 311 2501 suo
324 2421 504 2501 multum
519 2419 643 2500 fuisse
658 2420 912 2520 imminutas,
930 2419 1104 2528 ideoque
1124 2447 1210 2504 non

162 2585 251 2640 esse
261 2558 599 2665 perseverandum
611 2557 654 2636 in
667 2557 970 2638 medicamentis
981 2557 1211 2638 valentiori·

163 2693 259 2796 bus,
285 2695 365 2775 nisi
384 2695 651 2776 manifestum
668 2695 792 2774 fuerit
812 2717 938 2799 aegros
957 2693 1053 2775 inde
1072 2694 1209 2794 levari,

163 2833 231 2914 vel
259 2833 399 2912 saltem
418 2859 503 2912 non
523 2831 625 2912 laedi.
683 2830 770 2910 Ubi
789 2829 1038 2938 hydropicus
1067 2859 1138 2936 par
1158 2831 1210 2912 sit

164 2969 334 3052 ferendo
346 2969 624 3050 tamvalidum
636 2969 877 3066 remedium,
890 2967 1029 3047 solitus
1040 2965 1103 3046 fui
1115 2967 1209 3048 dare

164 3107 317 3188 elaterii
330 3135 507 3214 granum
518 3133 666 3204 unum,
682 3105 744 3184 vel
756 3105 854 3202 duo,
866 3103 980 3210 quod
995 3102 1209 3184 commode

166 3243 345 3326 sumitur
373 3271 421 3324 ex
449 3243 670 3324 cochleario
691 3241 854 3348 spiritus
884 3239 970 3320 vini
999 3237 1206 3320 tenuioris.

166 3379 275 3478 Hoc,
289 3380 323 3459 si
334 3380 466 3460 nullos
480 3378 660 3462 insolitos
677 3379 879 3458 tumultus
891 3373 1047 3473 excitet,
1060 3396 1100 3456 et
1113 3401 1211 3454 ven*

164 3537 228 3596 ter
238 3517 424 3597 multum
435 3544 550 3624 aquae
566 3491 763 3612 exdernat,
779 3533 925 3619 quarto
942 3539 1108 3618 quoque
1124 3539 1211 3591 ma-

164 3679 219 3732 ne
246 3651 341 3734 dare
360 3653 574 3760 oportebit,
598 3652 726 3732 donec
746 3651 879 3730 omnis
899 3647 1052 3730 humor
1071 3675 1222 3754 super-·

166 3817 318 3872 vacuus
334 3789 494 3872 exierit:
525 3813 566 3870 at
585 3789 727 3870 diebus
758 3817 781 3866 a
804 3787 1044 3892 purgatione
1072 3785 1208 3866 liberis

164 3926 511 4008 medicamentum
520 3927 686 4034 aliquod
696 3951 883 4005 amarum
892 3945 931 4005 et
940 3922 1209 4004 aromaticum
1255 3931 1258 3938 '

163 4063 241 4143 erit
253 4063 512 4144 sumendum.
559 4067 648 4144 Hac
661 4062 816 4144 ratione
828 4059 1018 4141 medendi
1031 4081 1209 4165 quatuor

162 4200 227 4280 vel
247 4199 434 4308 quinque
453 4201 632 4282 asciticos
649 4199 853 4280 restitutos
871 4197 988 4296 novi;
1017 4195 1207 4301 equibus

160 4365 272 4434 unus
293 4339 395 4420 vixit
415 4368 534 4422 sanus
565 4337 877 4445 quatuordecim
896 4361 1034 4414 annos.
1095 4331 1208 4419 Idem
