3002 5086
643 515 738 618 161

162 753 258 816 tum
289 729 379 814 vim
408 729 578 814 remedii
604 729 813 839 impedire.
882 731 1026 841 Itaque
1051 761 1216 820 vomere
1300 803 1303 810 Δ

159 897 303 978 cogere
324 891 504 977 oportst;
524 893 609 976 quo
622 867 731 951 facto
744 867 977 953 febris'raro
996 897 1082 954 non
1096 873 1212 956 cedit.

161 1007 293 1118 Quod
308 1007 343 1086 si
358 1005 488 1088 redire
502 1017 737 1112 perseveret,
751 1005 1077 1114 confugiendum
1091 1009 1216 1096 estad

158 1140 280 1226 flores
293 1143 556 1244 chamaemeli‚
569 1171 748 1250 quorum
761 1146 1032 1227 contritorum
1043 1174 1213 1256 scrupu-

159 1281 224 1361 lus
247 1280 408 1362 dandus
438 1303 496 1362 est
515 1281 603 1362 loco
632 1281 834 1362 drachmae
854 1281 1075 1386 cinchonae,
1102 1285 1213 1367 etad

158 1418 273 1500 idem
290 1411 572 1527 praescriptum
591 1419 841 1526 repetendus.
900 1423 990 1502 Hos
1015 1417 1135 1510 flores
1153 1423 1213 1506 sic

161 1577 319 1637 sumtos
338 1555 463 1637 semel
479 1577 601 1663 atque
620 1555 771 1637 iterum
789 1555 1003 1664 profecisse
1026 1581 1212 1666 expertus

162 1721 270 1775 sum.
299 1693 350 1774 In
368 1693 618 1800 quibusdam
637 1691 846 1775 affectibus
866 1693 941 1802 qui
959 1717 1117 1778 certum
1135 1695 1214 1778 cir·

162 1831 324 1912 ruitum
351 1829 598 1932 habueruut,
626 1830 770 1915 calami
798 1831 1006 1920 aromatici
1033 1833 1213 1940 suupuli

164 1967 250 2048 duo
269 1967 516 2074 interpositis
536 1967 672 2074 spatiis
691 1967 846 2050 idoneis
858 1968 1016 2078 repetiti
1029 1969 1215 2078 aliquan·

163 2103 473 2212 tumjuverunt.
517 2105 725 2186 Tincturae
738 2131 906 2212 quoque
917 2105 1001 2214 opii
1012 2129 1138 2214 guttae
1151 2104 1214 2186 ri·

162 2241 269 2350 giuti
287 2242 462 2324 instante
481 2243 703 2324 accessione
720 2241 875 2324 utiliter
890 2264 1035 2325 sumtae
1056 2265 1165 2326 sunt.

218 2377 356 2482 Febris
384 2401 585 2488 quartana
613 2401 757 2460 sanatu
779 2379 899 2488 longe
919 2379 1122 2462 difficilior
1140 2403 1215 2484 est,

163 2542 291 2624 quam
310 2516 374 2600 vel
388 2515 639 2624 quotidiana,
667 2517 731 2598 rel
745 2517 940 2618 tertiana3
969 2539 1009 2600 et
1024 2545 1126 2625 saepe
1139 2517 1215 2600 diu

162 2651 311 2734 resistit
322 2653 462 2735 cortici
473 2651 710 2756 Peruviano,
719 2653 1019 2762 etquibuslibet
1030 2654 1214 2736 aliisme·

163 2788 414 2872 dicamentis.
473 2788 688 2874 Interdum
715 2791 918 2872 drachmae
944 2791 1036 2872 duae
1055 2789 1214 2896 corticis

164 2929 286 3036 paulo
305 2949 400 3010 ante
418 2927 686 3010 accessionem
705 2927 821 3030 data,
840 2949 1083 3037 quartanam
1101 2955 1215 3012 sum·

164 3086 409 3166 moverunt3
438 3093 512 3147 nec
532 3092 625 3148 raro
638 3088 777 3148 tamen
793 3067 965 3148 fuerunt
981 3065 1156 3148 inutiles.

219 3201 349 3283 Multi
377 3201 455 3282 sibi
484 3199 652 3310 fingunt
678 3205 813 3286 nescio
842 3227 934 3312 quae
961 3201 1151 3312 pericula,
1179 3195 1217 3284 si

165 3360 301 3420 cortex
319 3339 433 3446 prius
451 3363 652 3442 sumatur,
679 3335 807 3449 quam
825 3339 949 3422 febris
969 3368 1018 3422 ex
1040 3361 1126 3422 toto
1145 3338 1216 3422 de-

165 3477 348 3560 seruerit:
376 3477 446 3558 cui
473 3503 580 3559 vano
607 3477 748 3560 timori
776 3505 1026 3587 consequens
1055 3499 1127 3580 est,
1153 3497 1217 3578 ut,

147 3613 317 3720 'magno
346 3639 420 3694 suo
449 3613 708 3716 detrimento,
735 3599 859 3696 nimis
879 3615 954 3696 diu
972 3629 1216 3697 cunctentur

80 3739 82 3744 ’
165 3747 243 3832 hoc
261 3749 326 3831 uti
340 3751 531 3832 reusedio.
588 3754 797 3853 Attamen,
824 3751 904 3832 nisi
921 3751 1053 3854 fallor,
1080 3747 1215 3834 cortex

165 3889 229 3968 vel
255 3887 302 3968 in
329 3887 466 3970 media
492 3889 715 3972 accessione
742 3889 971 3992 devoratus,
999 3917 1086 3971 non
1103 3889 1217 3970 aliter

165 4047 341 4128 noceret,
381 4053 510 4134 quam
539 4028 655 4136 quod
682 4029 931 4110 ventriculus
959 4055 1007 4108 eo
1034 4049 1218 4132 tempor·
1272 4039 1275 4050 '

167 4161 410 4246 imbecillior
435 4187 569 4284 posset
589 4191 686 4270 eum
709 4193 919 4274 respuere3
947 4163 1058 4246 unde
1071 4187 1220 4244 nausea

166 4319 289 4410 atque
303 4301 466 4384 vomitu
479 4329 584 4410 reget
596 4301 789 4410 fatigatus
809 4301 1023 4384 abeodem
1041 4300 1217 4398 medica·
1237 4349 1241 4358 ·

166 4457 309 4524 mento
334 4457 473 4547 postea
499 4439 744 4524 abhorreret.
802 4441 860 4524 At
880 4439 993 4522 febre
1011 4417 1218 4536 inchoata,

384 4611 386 4616 ’
676 4602 712 4658 rr
