3016 5076
788 456 862 538 riii

299 667 399 748 bem
419 667 552 748 redux
573 667 871 775 egrotantium
894 667 1044 748 domos
1061 669 1179 749 obire
1201 670 1343 778 plures

298 831 430 884 annos
460 831 543 884 nou
575 803 750 885 destitit.
811 803 935 886 Auuo
966 801 1074 892 1766
1104 817 1229 884 autor
1256 805 1339 886 l'uit

297 935 487 1050 Collegit)
500 939 769 1023 Medicorum
790 954 837 1022 ut
851 941 1179 1022 commentarios
1193 942 1339 1050 vulga-

295 1087 388 1157 rent
405 1104 546 1158 earum
568 1105 719 1174 rerum,
741 1105 847 1186 quas
867 1078 950 1158 fors·
965 1089 1041 1158 aut
1058 1075 1164 1158 ratio
1178 1075 1339 1185 cuique

295 1211 534 1324 objecisset,
548 1213 660 1294 unde
674 1241 737 1294 ars
750 1196 1195 1322 suaamplilrcaretur:
1215 1213 1333 1320 quod

294 1349 515 1431 consilium
530 1380 628 1433 cum
638 1352 847 1432 sociorum
859 1377 1066 1432 consensu
1078 1350 1336 1458 comproba·

292 1495 383 1569 tum
398 1499 519 1586 essct,
550 1489 637 1570 duo
653 1489 885 1584 volumina,
915 1499 958 1568 ct
980 1498 1129 1596 postea
1142 1486 1331 1580 tertium,

291 1605 534 1723 editasunt
596 1625 722 1705 Auno
740 1629 848 1717 1778
866 1623 1059 1708 Societas
1079 1619 1213 1731 Regia
1234 1619 1330 1701 Ma

291 1757 445 1840 diciuae
466 1759 635 1842 Parisiis
656 1789 755 1842 oum
785 1787 960 1868 quoque
982 1759 1023 1840 iu
1047 1785 1217 1840 suorum
1249 1785 1326 1838 nu-

74 1977 78 1986 ,
181 1945 185 1964 ι
289 1921 453 1977 merum
475 1899 707 2007 cooptavit.

340 2030 570 2114 Nonnullae
590 2035 680 2144 ejus
697 2033 1009 2115 observationes
1031 2033 1071 2112 in
1089 2031 1210 2112 Actis
1226 2030 1324 2112 Phi·

217 2247 223 2253 .
287 2166 1323 2280 losopbicisRegiaeSocietatis,aliaeindetisMe-

289 2301 395 2385 dicis
411 2301 586 2420 Collegii
605 2304 872 2390 Medicorum
889 2301 1184 2402 Londiueus'is,
1202 2331 1322 2414 repc-

285 2440 462 2528 riuutur.
734 2531 741 2540 ,

319 2573 439 2660 2Mos
460 2579 519 2659 illi
544 2579 626 2662 fuit
645 2581 688 2660 in
710 2607 918 2690 aegrorum
944 2577 1155 2660 cubiculis
1175 2605 1317 2684 pauca

284 2714 483 2821 quaedam
504 2731 722 2814 annotare,
742 2745 839 2825 quoe
860 2715 926 2796 vel
946 2743 998 2797 ex
1027 2713 1315 2824 ipsorum,ch

281 2875 333 2930 ex
346 2851 629 2933 assistentium
643 2881 713 2935 ore
726 2853 933 2950 audierat,
949 2845 1013 2934 ¹uel
1029 2877 1210 2960 quorum
1223 2850 1315 2959 ipse
1371 2837 1374 2842 ’

259 3019 261 3024 ·
280 2987 399 3069 testis
415 2987 565 3069 fuerat.
624 2988 732 3071 Haec
743 2990 801 3070 ibi
814 2989 967 3099 raptim
982 2987 1164 3096 scripsit,
1175 2999 1223 3067 ut
1237 3014 1314 3096 po·

279 3123 376 3204 tuit.
422 3121 641 3233 Quicquid
656 3137 799 3206 autem
813 3126 853 3204 iu
868 3123 1114 3215 codicillum
1127 3137 1187 3220 sic
1200 3139 1312 3218 retu·

276 3256 396 3356 lerat,
415 3261 589 3370 siugulis
606 3261 819 3344 mensibus
836 3267 1027 3378 perlegit,
1047 3286 1095 3352 ut
1111 3300 1311 3382 excerpe·

275 3397 1310 3520 rctea,quaevirlebauturautmorbialicujusm-

274 3537 427 3628 turam,
448 3543 523 3612 aut
541 3532 716 3615 remedii
733 3535 838 3617 vires
857 3537 1079 3626 illustrare.
1140 3544 1247 3626 Haee
1263 3543 1306 3623 iu

273 3665 403 3748 alium
417 3667 570 3749 librum
586 3665 799 3754 trabstulit
811 3676 892 3758 sub
909 3677 1043 3759 titulis
1061 3663 1305 3762 morborum

272 3801 326 3884 ad
345 3829 452 3912 quos
465 3805 747 3914 pertinebant.
806 3807 1007 3921 Denique
1019 3842 1070 3898 ex
1086 3815 1169 3898 boe
1181 3817 1305 3914 libr0,

271 3939 507 4034 secundum
528 3953 571 4022 et
591 3946 948 4056 septuagesimum
979 3977 1136 4033 annum
1158 3981 1302 4065 egem,

271 4071 678 4159 Commentariorum
710 4081 909 4190 volumen
944 4085 997 4167 de
1031 4086 1221 4170 Historia
1257 4103 1302 4170 et

269 4207 496 4292 Curatione
510 4209 761 4300 Morborum
779 4219 977 4302 confecit.
1008 4222 1059 4304 In
1077 4251 1166 4334 quo
1178 4223 1300 4306 ador-

267 4346 408 4430 nando
428 4341 573 4460 religio
599 4350 658 4433 illi
678 4351 760 4434 fuit
775 4355 1010 4465 quicquam
1025 4359 1155 4442 literis
1180 4387 1300 4442 man·
