3016 5076
675 440 752 576 ‘35
800 573 803 576 ,

189 687 263 796 qui
282 713 394 770 nunc
410 686 520 794 apud
534 686 749 770 Britannos
767 683 981 772 inhonore
999 708 1077 790 eat3
1107 717 1233 798 quem

180 845 374 929 exoptant
382 824 425 924 ii,
438 823 590 930 quibus
602 845 662 906 eat
675 824 929 932 incognitum
949 825 1000 908 de
1011 853 1096 934 quo
1106 828 1230 908 etiam

183 961 422 1066 gloriantur,
442 962 515 1068 qui
528 989 568 1042 ae
581 961 766 1070 jamjam
780 963 833 1044 ab
852 991 900 1044 eo
916 985 1160 1070 occupatum
1175 963 1228 1043 iri

174 1119 419 1180 autumant:
449 1125 575 1205 quem
594 1120 731 1180 autem
746 1099 848 1181 serio
866 1099 1090 1206 deplorant,
1104 1087 1226 1207 quot-¹

178 1256 282 1342 quot
293 1261 390 1316 cum
402 1234 480 1316 hoc
495 1220 638 1317 acerbo
653 1236 760 1317 malo
773 1262 911 1318 revera
925 1233 1221 1318 conflictantur.

176 1372 290 1452 Hinc
302 1371 388 1454 fato
407 1373 602 1480 ringulari
616 1375 762 1474 evenit,
780 1395 828 1456 ut
846 1373 968 1456 hodie
982 1375 1071 1482 plus
1092 1401 1221 1482 operae

174 1505 295 1590 detur
317 1508 369 1590 ad
389 1509 651 1617 gignendam,
677 1510 741 1592 vel
759 1509 1013 1592 excitandam
1040 1510 1219 1592 arthriti-

173 1642 281 1744 dem,
296 1669 424 1752 quam
438 1646 489 1726 ad
504 1646 738 1746 sanandam,
749 1669 789 1728 et
802 1649 962 1754 penitus
976 1645 1213 1752 fugandam.
1333 1627 1336 1636 ’

174 1779 340 1891 Quippe
359 1803 521 1864 mutum
540 1783 705 1864 honoria
725 1781 822 1864 huic
843 1783 991 1864 morbo
1010 1781 1215 1862 tributum

171 1941 242 2020 eet,
260 1941 311 1998 ut¹
326 1920 463 2000 omnia
479 1920 553 2000 alia
568 1920 674 2000 mala
686 1947 776 2026 quae
790 1919 986 2000 arthritici
1001 1918 1213 2026 experiun-

169 2077 251 2156 tur,
259 2079 399 2162 praeter
410 2055 604 2157 dolorem,
615 2057 705 2138 ideo
718 2057 815 2138 oriri
824 2056 1115 2156 existimentur,
1126 2083 1211 2138 non

170 2193 267 2299 quia
295 2193 473 2274 nimium
492 2191 677 2300 podagrae
706 2193 811 2299 paesi
829 2192 996 2294 fuerint,
1023 2192 1094 2274 eed
1112 2193 1211 2300 quia

170 2329 357 2410 nondum
375 2330 479 2410 satia.
530 2331 581 2410 Et
601 2323 780 2436 profecto
792 2329 969 2416 arthritie
983 2357 1068 2410 non
1083 2329 1208 2410 modo

169 2491 253 2546 non
270 2467 456 2573 culpatur
467 2489 515 2547 ut
534 2465 685 2548 horum
697 2495 814 2550 cauea
826 2465 1043 2565 malorum,
1061 2463 1130 2546 aed
1141 2493 1208 2546 ex·
1341 2519 1346 2528 ·

168 2623 329 2708 optatur
346 2626 544 2711 tanquam
568 2604 614 2684 in
639 2604 754 2710 cujus
779 2601 954 2710 repetitis
974 2599 1206 2684 accessioni·

168 2733 242 2820 bue
260 2739 384 2822 unica
404 2769 491 2846 epea
507 2739 685 2822 sanitatis
705 2739 924 2846 reponitur.

217 2877 383 2982 Propter
407 2877 672 2984 cupiditatem
695 2877 800 2976 vitae,
828 2875 891 2956 vel
915 2877 1057 2956 mortis
1082 2875 1203 2958 timo·

165 3036 262 3112 rem,
300 3013 481 3120 plerique
513 3013 698 3094 homines
728 3011 967 3106 valetudinis
996 3040 1077 3093 euae
1107 3040 1203 3094 con·

163 3169 355 3252 quaeaatae
374 3171 414 3230 et
433 3149 595 3256 perditae
615 3148 730 3254 signa
749 3137 894 3228 sentire
910 3147 1056 3253 pariter
1081 3173 1126 3228 ac
1141 3147 1201 3228 fa-

161 3284 234 3365 ten‘
245 3286 408 3387 nolunt3
429 3313 519 3396 que
531 3288 667 3394 itaque
683 3284 809 3366 cuivis
819 3311 946 3366 caueae
958 3284 1199 3366 tribuuntur

158 3421 442 3530 potiua3quam
453 3421 795 3531 appropinquanti
807 3443 847 3502 et
855 3419 1078 3502 inevitabili
1090 3449 1200 3504 mor-

158 3557 200 3638 ti.
239 3557 366 3661 Hinc,
383 3559 459 3642 ubi
477 3561 579 3640 vires
599 3559 797 3666 coeperint
814 3535 996 3658 deficere,
1011 3557 1198 3640 homines

157 3693 272 3778 facile
291 3725 332 3778 ee
352 3697 492 3780 sinunt
511 3695 740 3804 persuaderi
759 3695 1063 3802 aegrotationem
1081 3723 1198 3776 auam

154 3829 293 3914 latenti
314 3835 501 3942 podagra
515 3833 671 3935 deberit
706 3855 746 3914 et
765 3831 868 3914 nihil
886 3831 1020 3914 deesse
1039 3830 1090 3912 ad
1108 3857 1197 3912 cor-

154 3969 261 4076 poris
273 3969 483 4078 animique
494 3971 621 4053 robur
632 3967 942 4070 restituendum,
953 3967 1032 4050 nisi
1039 3969 1195 4077 juetam

154 4106 340 4212 podagrae
356 4107 633 4196 accessionem.
690 4107 863 4206 Verum,
880 4128 929 4186 ut
943 4105 1046 4186 nihil
1060 4103 1195 4184 dicam
1323 4155 1327 4169 ·

152 4241 201 4324 de
219 4243 378 4326 levibus
398 4245 622 4326 rationibus
635 4243 787 4352 quibus
799 4245 1041 4352 plerumque
1051 4237 1194 4322 inniti·

152 4397 216 4461 tur
235 4409 324 4490 epee
343 4381 501 4466 latentia
520 4381 756 4483 arthritidie,
789 4407 973 4490 querere
992 4378 1114 4460 velim
1141 4399 1194 4456 an

643 4541 671 4604 D
690 4545 713 4602 2
