3016 5076
644 465 859 574 '40

302 717 392 774 eam
409 689 474 770 vel
492 713 621 786 norae,
638 684 702 768 vel
713 682 807 792 jure
826 683 1021 792 suspicari
1035 685 1250 794 possimne,
1262 687 1343 772 niai

230 831 232 838 '
302 824 538 909 accesserint
554 823 683 923 dolor,
700 842 741 904 et
758 821 899 922 rubor,
917 843 957 904 et
975 843 1116 906 tumor
1133 823 1261 930 pedis,
1277 825 1345 908 ver

303 991 407 1070 aeger
422 961 518 1068 ipse,
529 961 592 1042 vel
605 980 786 1068 parentes
800 958 886 1067 ejus
902 979 1018 1042 antea
1031 960 1174 1044 tentati
1187 961 1345 1047 fuerint

303 1099 382 1180 hoc
400 1095 557 1212 affectu.
614 1099 823 1197 Attamen,
847 1095 1035 1203 quamvis
1054 1096 1207 1180 horum
1237 1096 1346 1182 nihil

240 1291 242 1296 -
299 1257 376 1336 ⁴est,
403 1233 516 1316 haud
533 1259 623 1314 raro
642 1231 824 1352 contigit,
836 1254 885 1314 ut
903 1232 1099 1340 principia
1113 1234 1344 1319 multorum

304 1371 548 1452 morborum
565 1370 797 1476 longorum,
824 1391 864 1450 et
881 1370 1177 1452 nonnullorum
1192 1391 1344 1484 acuto-

306 1535 416 1607 rum,
443 1507 494 1588 ad
512 1506 735 1613 podagram
760 1507 881 1588 relata
898 1485 991 1588 sint.
1052 1509 1176 1590 Error
1204 1530 1345 1592 autem

305 1644 352 1724 in
379 1643 454 1724 hac
475 1671 530 1743 re,
556 1641 736 1726 ubitam
760 1669 940 1750 pronum
965 1663 1026 1724 est
1043 1671 1186 1743 errare,
1211 1646 1346 1728 multa

305 1809 445 1863 secum
455 1781 562 1861 mala
575 1779 717 1878 trahit3
745 1807 927 1886 quorum
937 1806 1023 1860 non
1034 1779 1260 1862 minimum
1273 1805 1346 1884 eet,

307 1919 422 2026 quod
440 1919 590 1998 multos
617 1917 824 1998 induxerit
852 1916 970 2022 longe
998 1917 1176 2000 nimium
1204 1919 1346 2002 bibere

308 2055 394 2134 vini
408 2077 448 2134 et
462 2053 678 2160 potionum
692 2053 974 2152 meraciorum,
989 2053 1044 2135 ric
1058 2075 1107 2136 ut
1118 2053 1203 2134 vidi
1217 2081 1346 2161 aegron

307 2192 383 2298 qui
411 2190 589 2270 biduum
611 2188 847 2273 triduumve
874 2189 957 2272 fere
984 2190 1089 2272 ebrii
1112 2191 1347 2296 jacuissent,

307 2348 516 2435 propterea
528 2325 653 2432 quod,
666 2347 715 2408 ut
724 2325 820 2431 ipsis
833 2325 1059 2425 videbatur,
1073 2326 1252 2434 podagra
1266 2328 1346 2412 eibi

305 2461 753 2572 opusneset‚quamhoc
764 2461 1024 2569 potissimum
1037 2463 1162 2546 modo
1173 2459 1345 2550 excitare

308 2595 531 2706 sperabant.
570 2599 648 2680 Sed
661 2599 753 2680 licet
765 2599 1031 2682 concesserim
1040 2627 1089 2682 ex
1099 2599 1184 2697 vita
1196 2601 1347 2686 intem·

306 2758 490 2844 peranter
504 2757 590 2818 acta
603 2735 715 2816 hunc
726 2733 883 2818 tristem
893 2736 1090 2818 morbum
1099 2736 1214 2820 facile
1227 2738 1345 2845 gigni

252 2923 254 2928 -
308 2901 447 2980 posee;
475 2894 612 2954 tamen
640 2871 826 2980 quiaquia
854 2899 925 2989 per
942 2871 1026 2954 dies
1059 2872 1177 2972 duos,
1202 2893 1347 2976 tresve,

307 3009 438 3092 nimio
472 3036 511 3090 se
541 3009 635 3090 cibo
662 3029 845 3120 potuque
877 3008 1113 3114 ingurgitet,
1140 3009 1208 3090 ille
1236 3033 1344 3094 certe

308 3147 468 3252 franget
487 3145 770 3252 opprimetque
781 3143 959 3252 corporis
974 3144 1092 3246 vires,
1103 3145 1148 3231 in
1161 3147 1345 3251 procinc-

308 3306 356 3364 tu
369 3303 447 3364 stet
464 3281 655 3388 podagra,
681 3307 831 3380 necne3
860 3302 900 3364 et
917 3282 1036 3388 pauci
1053 3279 1207 3366 inficias
1221 3284 1346 3370 ibunt

307 3419 575 3527 perniciosam
602 3447 684 3500 erte
710 3417 947 3524 hujusmodi
975 3419 1343 3526 intemperantiam,

307 3554 433 3642 modo
445 3555 545 3640 alius
565 3555 695 3640 subsit
705 3555 888 3657 morbus,
906 3583 1032 3662 quem
1043 3555 1257 3661 aegerfaleo
1276 3585 1344 3641 eu·

310 3691 485 3798 epicatur
508 3719 590 3774 esee
601 3691 865 3774 articulatam.
898 3690 1049 3798 Saepius
1066 3693 1198 3778 multo
1217 3719 1345 3800 quam

309 3829 466 3928 vellem,
482 3827 569 3910 vidi
587 3857 672 3910 non
692 3829 825 3910 solum
840 3857 928 3910 ossa
938 3828 1109 3928 ‚cariosa
1120 3828 1293 3912 seinhos
1304 3851 1345 3916 et

302 3965 577 4060 carcinomata
605 3963 771 4066 cerebri,
798 3966 1058 4072 pulmonum,
1074 3985 1115 4046 et
1142 3965 1351 4050 viscerum·

306 4102 553 4202 abdominis,
590 4102 769 4209 aliosque
797 4101 962 4186 morbos
1000 4101 1162 4208 longoe;
1200 4129 1345 4188 verum

306 4263 445 4324 acutos
478 4239 614 4338 etiam,
642 4235 982 4322 inflammationes
1009 4237 1156 4322 scilieet
1178 4241 1344 4348 pulmo·

307 4405 425 4480 num,
439 4374 650 4480 stomachi,
661 4397 702 4462 et
712 4374 887 4460 aliorum
898 4375 1113 4478 viscerum,
1125 4375 1199 4484 qui
1210 4377 1341 4488 appel·
