3148 5082
759 469 861 580 294

292 705 430 766 autem
460 682 563 765 ratio
596 702 638 764 et
666 677 934 786 intelligentia
961 680 1061 762 adeo
1089 678 1333 787 perturbata

292 843 403 918 sunt,
430 839 470 901 et
488 817 681 919 confusa,
707 840 757 898 ut
786 838 826 898 et
844 817 967 900 verba
991 817 1174 900 sensibus
1202 819 1334 925 expri-

293 957 453 1040 mendis
482 953 699 1056 defuerint,
726 975 766 1036 et
796 955 891 1062 ipsae
910 953 1054 1036 formae
1087 955 1335 1038 literarume
1392 1005 1396 1012 ·

205 1153 209 1178 .
250 1085 253 1090 ’
295 1093 495 1178 memoria
521 1091 712 1174 excidisse
731 1089 825 1172 visae
846 1091 937 1172 sint.
995 1091 1080 1174 Alii
1098 1092 1204 1174 inter
1230 1091 1335 1174 duos

245 1277 247 1284 ,
295 1231 447 1341 priores
464 1227 581 1338 quasi
595 1227 720 1309 medii
734 1225 918 1328 fuerunt,
930 1249 983 1328 et,
997 1229 1111 1336 quod
1125 1229 1240 1338 loqui
1251 1255 1338 1310 non

273 1447 277 1472 ,
296 1389 531 1478 potuerunt,
543 1387 764 1473 potuerunt
778 1365 963 1466 scribere,
977 1366 1050 1447 etsi
1061 1367 1182 1472 paulo
1193 1364 1340 1448 confu-

297 1509 392 1588 sius.
435 1503 639 1612 Denique
653 1502 765 1584 idem
778 1501 904 1584 homo
916 1491 1084 1584 diversis
1099 1503 1258 1606 diebus,
1276 1503 1340 1586 vel

296 1642 464 1728 diversis
499 1639 609 1722 horis
637 1639 820 1747 ejusdem
850 1639 944 1741 diei,
971 1662 1094 1748 prout
1110 1641 1173 1722 vis
1203 1643 1352 1724 morbi·

298 1765 431 1888 rnajor
449 1773 573 1860 fuerit
591 1778 654 1858 vel
673 1777 823 1875 minor,
851 1774 977 1896 modu
995 1779 1119 1860 verba
1137 1780 1230 1860 ratis
1249 1802 1341 1890 apte

300 1915 523 2024 descripsit,
549 1913 674 1996 modo
693 1913 842 1996 chartis
860 1913 987 1996 illevit
1005 1929 1120 2004 notar
1140 1917 1274 2017 ruder,
1300 1939 1342 2000 et

301 2081 466 2162 prorsus
478 2077 564 2132 non
577 2049 867 2158 intelligendas.
915 2051 1036 2144 Mens
1051 2051 1202 2136 horum
1217 2063 1365 2161 agro-1¹

302 2215 445 2274 torum
464 2187 565 2276 adeo
583 2187 793 2275 interdum
811 2210 1076 2297 conquassata
1094 2210 1166 2289 est,
1193 2211 1241 2270 ut
1259 2209 1346 2272 non

302 2329 439 2410 'solum
452 2325 624 2434 impares
634 2325 789 2408 fuerint
802 2325 1075 2408 describendis
1088 2326 1220 2410 verbis
1235 2325 1344 2416 affir-

303 2464 447 2548 mandi
461 2465 501 2548 et
518 2463 707 2570 negandi,
721 2490 866 2546 vetum
879 2491 977 2546 cunr
991 2463 1077 2546 haec
1096 2465 1148 2547 ab
1161 2464 1347 2553 assisten-

304 2604 416 2687 tibus
430 2601 575 2708 scripta
586 2601 770 2702 fuissent,
780 2627 866 2682 non
873 2603 1081 2709 potuerint
1092 2603 1156 2684 vel
1166 2601 1347 2710 digitum

307 2743 359 2823 ad
377 2741 463 2821 haec
482 2740 545 2820 vel
563 2739 630 2818 illa
648 2737 855 2820 intendere
869 2739 940 2837 sic,
958 2761 1007 2820 ut
1021 2766 1159 2822 sensus
1175 2767 1268 2822 suos
1279 2767 1348 2822 exa

307 2878 512 2986 plicarent.
571 2875 813 2982 Impotentia
827 2875 1022 2984 loquendi
1037 2877 1167 2958 oritur
1179 2877 1349 2985 quidem

308 3013 518 3096 interdum
529 3037 576 3093 ex
587 3011 829 3094 resolutione
839 3013 1123 3094 musculorum
1135 3013 1244 3096 vocis
1256 3041 1350 3122 pro-

309 3125 513 3260 priorum;
532 3149 1157 3240 interdurnveroexaliiscausis.
1188 3149 1352 3234 Etenim
1381 3175 1387 3184 ·

310 3287 519 3370 nonnullis
532 3287 757 3397 paralyticis
772 3289 906 3372 omnis
918 3289 1116 3370 memoria
1126 3289 1249 3372 etiam
1263 3289 1352 3371 ve're

312 3423 465 3506 naculae
494 3453 575 3507 suae
594 3425 744 3532 lingua
757 3451 921 3508 excussa
939 3447 1011 3524 est,
1039 3427 1139 3508 adeo
1163 3447 1212 3508 ut
1239 3425 1354 3508 nulla

313 3561 535 3643 verborum
547 3583 617 3642 aut
628 3562 837 3644 literarum
850 3563 994 3646 notitia
1008 3565 1053 3644 in
1068 3585 1356 3672 mentesuper·

314 3697 376 3780 sit.
437 3701 580 3814 Quam
599 3684 768 3808 quidenr
782 3701 970 3782 notitiam
984 3702 1052 3783 alii
1066 3702 1243 3784 celeriter
1257 3702 1357 3786 arri-

314 3833 449 3944 piunt,
463 3837 530 3916 alii
545 3837 656 3922 tarde
667 3859 707 3920 et
721 3839 869 3920 sensim
881 3837 1167 3946 redintegrant.
1226 3838 1358 3946 Igitur

316 4001 540 4082 paucarum
555 3971 762 4056 literarum
774 3976 982 4076 vocabula,
996 3999 1139 4084 etqua
1152 4005 1231 4058 usu
1243 4003 1357 4060 nrau-¹

317 4089 400 4191 inie
414 4110 509 4193 trita
527 4133 635 4210 sunt,
663 4111 988 4218 primodiscunt,
1015 4135 1054 4195 et
1073 4113 1146 4194 diu
1165 4107 1224 4194 est
1243 4112 1358 4222 quod

318 4246 456 4348 verba,
469 4233 573 4362 'quae
593 4249 752 4348 vellent,
771 4272 959 4358 prompta
977 4277 1063 4330 non
1087 4247 1260 4352 babent;
1290 4249 1362 4334 sed

319 4406 464 4464 eorum
483 4383 571 4466 loco
601 4385 730 4468 aliena
756 4411 919 4501 proprus
947 4385 1136 4489 efferunt,
1160 4407 1363 4496 tanquam
1422 4395 1426 4402 ’
