3002 5086
643 467 645 470 ’
760 487 864 582 QOO

292 696 354 782 illi
381 694 524 806 procul
555 693 684 776 dubio
711 693 816 774 'sunt
846 690 1156 799 opportuniores
1181 694 1260 802 'qui
1295 723 1345 779 se

293 861 459 942 prorsus
497 861 522 912 a
557 831 677 912 rebus
716 829 880 935 agendis
916 828 1175 910 abstrahunt.-
1227 834 1343 914 Nam

294 971 429 1054 otium
449 998 534 1050 non
553 969 686 1050 solum
706 968 796 1067 alet,
825 965 894 1046 sed
913 965 1035 1046 etiam
1049 968 1200 1048 creabit
1219 969 1345 1052 affec-

274 1130 388 1190 *tum
407 1105 833 1215 hypochondriacum3
861 1131 935 1226 nec
954 1129 1039 1182 non
1057 1103 1168 1184 idem
1186 1105 1345 1188 facient
1450 1153 1453 1162 ·

295 1245 424 1326 nimia
442 1241 614 1350 negotia.
674 1239 924 1322 Immodicas
952 1268 1050 1320 usus
1070 1241 1253 1343 Veneris,
1277 1245 1346 1323 vi-

294 1382 435 1490 nique,
463 1379 709 1487 perniciosus
728 1401 788 1458 est
815 1377 861 1456 in
889 1376 966 1456 hoc
995 1377 1167 1477 morb03
1201 1405 1346 1487 neque

212 1533 219 1546 '
293 1520 404 1602 utilis
417 1541 475 1600 est
487 1517 615 1598 nimia
629 1516 711 1628 cibi
723 1514 975 1596 abstinentia
1016 1515 1174 1595 Crebrae
1189 1513 1346 1620 febres,

294 1656 408 1736 alvus
427 1655 501 1735 diu
519 1653 623 1754 fusa,
642 1674 783 1751 terror,
798 1673 919 1758 atque
938 1648 1113 1751 tristitia,
1141 1679 1226 1731 non
1246 1655 1345 1736 'raro

294 1791 462 1874 initium
476 1791 577 1872 dant
590 1789 687 1872 huic
703 1787 882 1899 affectui,
894 1788 1018 1873 etiam
1033 1789 1078 1868 in
1096 1788 1145 1870 iis
1162 1790 1236 1902 qui
1251 1819 1345 1875 non

294 1927 448 2009 fuerint
468 1929 519 2008 ad
538 1928 655 2008 illum
672 1947 816 2007 natura
835 1907 1059 2031 proclives.
1086 1933 1090 1942 ’

351 2066 526 2146 Morbus
536 2061 1134 2173 hypochondriacus,pariterac
1144 2062 1345 2166 arthritis,

186 2247 188 2254 ψ
292 2201 464 2301 insania,
478 2223 516 2282 et
532 2201 717 2308 phthisis,
732 2227 817 2280 non
829 2200 928 2280 solet
942 2227 1023 2280 esse
1035 2201 1227 2282 molestus
1243 2227 1344 2285 ants

292 2316 559 2446 pubertatem.
619 2339 679 2418 Ex
709 2337 778 2418 illo
798 2364 894 2417 vero
922 2357 1254 2445 temporeusque
1286 2340 1342 2421 ad

293 2497 541 2569 senectutem
559 2475 695 2556 nullus
716 2496 775 2556 est
794 2501 938 2574 annus,
957 2473 1002 2554 in
1021 2501 1146 2582 quem
1175 2475 1342 2582 primus

293 2613 378 2720 ejus
398 2615 573 2720 impetus
593 2639 680 2692 non
698 2612 852 2694 incidit.
911 2611 1182 2695 Rarissimum
1199 2635 1261 2693 est
1291 2637 1344 2696 ut

294 2751 339 2830 hi
359 2751 454 2856 aegri
474 2749 585 2856 pejus
609 2777 649 2830 se
668 2747 843 2830 habeant
862 2777 1035 2856 vespere,
1055 2777 1182 2855 quam
1201 2757 1342 2834 mane.

291 2887 402 2968 Nam
432 2887 627 2993 plerique,
655 2906 853 2992 tanquam
888 2885 961 2993 qui
991 2885 1076 2966 aliis
1111 2913 1344 2970 nervorum

292 3021 502 3106 affectibus
517 3023 793 3130 implicantur,
807 3051 952 3104 somno
964 3044 1174 3132 utcunque
1186 3024 1344 3131 exiguo

293 3160 386 3242 laedi
418 3160 634 3261 ridentur3
663 3181 703 3242 et
737 3155 1007 3268 quodiut'ius
1032 3159 1259 3262 dormiunt,
1284 3141 1343 3244 veo

292 3273 422 3402 magis
446 3285 584 3378 animo
604 3296 837 3380 concidunt.
873 3269 1107 3397 Nonnulli,
1136 3325 1232 3378 cum
1252 3301 1344 3404 pri.
1446 3391 1448 3396 ¹

292 3459 413 3512 mum
431 3423 777 3538 expergiscuntur,
796 3433 864 3514 vix
880 3455 976 3514 sunt
995 3434 1105 3540 apud
1119 3463 1172 3534 se,
1190 3457 1229 3516 et
1244 3463 1343 3520 om·

291 3595 363 3649 nes
382 3567 560 3674 corporis
577 3567 786 3676 animique
802 3597 940 3654 sensus
956 3569 1146 3654 confusos
1161 3569 1343 3675 habent3

291 3730 362 3788 aut
374 3705 407 3787 si
420 3707 557 3788 minus
574 3707 769 3804 laborent,
785 3703 922 3794 tamen
937 3709 1040 3789 nihil
1056 3709 1135 3790 nisi
1149 3710 1344 3794 luctuosa

289 3868 330 3927 et
350 3845 491 3962 acerba
509 3845 703 3951 cogitant,
730 3873 827 3926 cum
846 3846 923 3928 hoc
951 3847 1211 3953 potissimum
1231 3868 1343 3948 tem..

159 4072 163 4083 .
289 4011 387 4091 pore
416 3983 633 4089 tragoedias
663 3991 753 4064 suas
773 3984 916 4066 excitet
943 3983 1011 4066 hic
1039 3985 1223 4066 morbus.
1287 3989 1342 4068 ln

280 4121 432 4202 eodem
446 4122 528 4204 fere
544 4145 652 4204 statu
667 4124 764 4228 aegri
779 4146 887 4222 sunt,
907 4145 977 4204 aut
996 4151 1081 4204 non
1097 4125 1231 4205 multo
1249 4153 1342 4207 me·

287 4257 394 4362 liori,
421 4260 623 4366 usquead
646 4259 891 4366 prandium3
921 4281 1013 4340 tum
1032 4259 1203 4340 demum
1231 4261 1341 4344 inci-

214 4455 219 4482 .
287 4393 408 4508 piunt
420 4397 625 4509 respirare,
637 4419 677 4480 et
689 4397 947 4506 aliquantum
960 4395 1147 4502 recreari;
1170 4425 1339 4504 vespere
