3104 5084
658 521 755 627 291

73 743 88 754 ”
144 711 155 772 ”
182 725 427 830 balbutiens,
441 749 481 812 et
494 727 761 835 inexplanata,
771 718 835 811 vel
844 717 893 811 er'
905 719 990 812 r'oto
1003 755 1222 840 suppressa.

176 867 305 950 Nervi
323 891 492 975 quoque
515 865 676 948 alterius
696 865 819 973 partis
838 865 955 950 faciei
973 869 1047 948 soli
1066 893 1114 950 ex
1133 897 1222 948 om·
1340 927 1342 932 -

178 1003 302 1088 nibus
318 1004 533 1112 saepissime
548 1005 826 1106 resolventem
853 1005 898 1084 in
911 1033 996 1112 quo
1008 1017 1103 1088 ca’su
1117 1005 1222 1088 labri

178 1143 352 1254 angulus
371 1139 540 1224 affectus
569 1141 792 1248 depressior
810 1137 873 1243 fit,
900 1165 1027 1248 quam
1047 1143 1221 1248 angulus

177 1305 320 1381 sanus;
348 1280 450 1361 item
485 1279 603 1361 cibus
636 1303 740 1385 agre
778 1278 1063 1380 manducatur,
1095 1279 1221 1362 haeret

178 1419 292 1500 euim
310 1417 362 1500 ad
390 1419 519 1498 istam*
534 1439 682 1524 genam
696 1440 803 1534 'quse
822 1435 985 1498 mortua
1012 1437 1099 1516 est3
1129 1441 1222 1498 tum

177 1555 296 1641 cibus
315 1577 355 1636 et
373 1553 486 1662 potio
504 1579 553 1636 ex
571 1579 641 1636 ore
659 1579 762 1662 saepe
779 1552 1008 1635 elabuntur.
1046 1553 1116 1652 ,ln
1133 1579 1221 1636 uno
1275 1557 1276 1562 '

178 1709 344 1802 aegroto,
375 1719 473 1774 cum
500 1691 744 1776 resolutione
775 1690 923 1774 dextrae
950 1691 1073 1799 partis
1102 1689 1221 1774 faciei

175 1827 297 1911 dolor
309 1828 391 1910 fuit
402 1827 657 1910 acutissimus
670 1850 760 1936 post
775 1855 915 1912 aurem
926 1821 1108 1936 ejusdem
1125 1828 1222 1910 late·

177 1965 256 2066 ris3
284 1963 330 2046 in
347 1966 426 2047 alio
445 1965 587 2048 similis
606 1965 723 2046 dolor
735 1985 827 2074 post
846 1991 986 2048 aurem
1001 1965 1220 2068 sinistram,

178 2101 257 2185 ubi
276 2103 467 2213 paralysis
481 2093 604 2186 erata
622 2123 734 2211 parte
747 2099 864 2186 faciei
878 2103 1049 2186 sinistra.
1107 2106 1224 2215 Para-

172 2237 278 2349 lysis
290 2240 415 2322 modo
427 2261 597 2348 occupat
609 2241 712 2322 solos
725 2241 930 2322 musculos
939 2239 1224 2341 devorationis,

178 2397 253 2458 aut
271 2377 434 2484 linguae,
456 2377 582 2458 modo
601 2379 773 2459 alterum
791 2377 1021 2478 brachium,
1049 2405 1223 2460 manum

154 2563 158 2571 ,
177 2515 360 2615 alteram,
373 2517 437 2596 vel
451 2515 623 2598 unicum
641 2515 831 2622 digitum,
891 2503 1073 2598 Musculi
1091 2516 1221 2598 femo-

179 2677 278 2735 mm
289 2675 329 2734 et
340 2679 509 2734 crurum
522 2679 624 2760 saepe
634 2651 803 2734 fuerunt
815 2653 924 2734 sedes
937 2652 1060 2759 hujus
1072 2653 1223 2753 morbi,

111 2895 113 2902 Ι
178 2813 220 2872 et
233 2789 357 2872 simul
369 2789 613 2897 sphincteres
625 2789 692 2869 aui
700 2811 740 2869 et
748 2789 899 2889 tesicae,
910 2789 1061 2898 quibus
1075 2791 1225 2872 resolu-

180 2929 235 3016 tis
247 2927 367 3009 urina
379 2949 419 3008 et
431 2949 580 3008 stercus
596 2925 827 3008 uolentibus
839 2925 1067 3009 elabuntur.
1118 2929 1226 3008 Con-

182 3087 261 3164 tra,
287 3063 363 3144 ubi
382 3063 497 3144 nervi
515 3061 758 3144 inferiorum
783 3085 949 3144 artuum
968 3061 1098 3145 affecti
1116 3047 1227 3165 sunt,

180 3200 394 3292 interdum
406 3223 557 3282 stercus
569 3221 609 3282 et
622 3199 742 3280 urina
754 3227 838 3284 non
850 3201 935 3280 sine
947 3229 1109 3282 summa
1120 3198 1227 3282 diffi-

183 3339 333 3422 saltate
344 3337 503 3419 excerni
515 3355 749 3444 potuerunt,
759 3365 856 3418 cum
868 3339 1043 3420 musculi
1055 3339 1129 3448 qui
1141 3339 1227 3422 haec

182 3477 378 3584 expellere
396 3474 590 3558 deberent
615 3475 747 3581 magis
772 3447 970 3560 debilitati
989 3478 1070 3560 sint
1099 3505 1227 3586 quam

183 3611 442 3720 sphincteres.
493 3611 626 3694 »Haud
637 3613 714 3694 alia
725 3613 870 3719 species
883 3614 1136 3696 resolutionis
1148 3615 1227 3696 fre·

185 3749 379 3857 quentior
396 3769 469 3850 est,
498 3775 626 3856 quam
645 3747 899 3856 hemiplegia,
926 3749 970 3830 in
990 3779 1073 3858 qua
1091 3773 1228 3832 motus

184 3883 352 3966 dimidii
371 3885 549 3993 corporis
569 3885 794 3986 minuitur,
808 3908 878 3968 aut
906 3887 1022 3994 perit,
1040 3915 1064 3968 a
1082 3887 1229 3970 vertice

186 4021 330 4130 eapitis
349 4007 482 4131 usque
500 4023 552 4105 ad
579 4023 715 4106 imum
734 4025 888 4130 pedena
908 4061 911 4070 ·
946 4027 1097 4108 Dextm
1114 4048 1154 4108 et
1178 4027 1231 4106 si-

185 4158 315 4242 nistra
333 4187 425 4268 pars
445 4160 594 4268 pariter
612 4183 841 4269 opportuna
859 4183 919 4244 est
932 4161 1029 4244 huic
1048 4161 1228 4264 affectae

186 4293 267 4380 hoc
294 4298 435 4384 saltem
459 4300 515 4384 ita
535 4299 672 4382 risum
689 4319 750 4380 est
766 4325 816 4381 ex
834 4325 920 4381 non
947 4301 1084 4408 paucis
1101 4299 1230 4384 hemi·

680 4457 749 4522 tra
835 4465 837 4474 ·
1238 4443 1242 4458 '
