3104 5084
222 711 373 809 carere,
401 725 560 814 oportet
578 705 814 791 abstineres
843 707 972 791 nimio
992 723 1158 791 sumno:
1188 664 1292 818 op·=

218 845 347 926 timue
361 845 447 952 ejus
468 843 615 926 modus
629 845 718 946 erit,
737 848 810 954 qui
822 847 1019 928 minimus
1036 849 1143 930 salva
1157 849 1272 928 vals.

146 1004 147 1012 ‘
221 981 364 1062 tudine
383 982 471 1087 capi
491 1003 629 1088 potest.
758 1007 781 1054 ,·

276 1111 579 1202 Exulceratione
603 1143 653 1199 ex
672 1115 895 1226 emplastris
916 1093 1066 1218 sanata,
1084 1109 1262 1198 fonticu-

145 1241 146 1244 Ὺ
216 1241 283 1338 lus
302 1255 347 1336 in
366 1257 469 1336 collo
488 1245 588 1356 llari,
606 1269 645 1336 et
664 1281 734 1362 per
752 1255 950 1362 reliquam
967 1256 1094 1335 vitam
1114 1253 1262 1338 servari

219 1392 351 1474 debet.
399 1392 569 1498 Vertigo
592 1391 792 1472 levabitur
811 1392 942 1472 missis
963 1387 1169 1496 sanguinis
1193 1417 1261 1474 sex

220 1529 351 1611 unciis
371 1549 444 1634 per
470 1529 744 1611 cucurbitulas
764 1529 924 1608 alternis
948 1528 1157 1608 mensibus
1177 1557 1261 1610 sca-
1302 1629 1305 1636 ,

219 1660 332 1776 pulis*
350 1667 557 1766 admotas3
589 1691 678 1772 quae
698 1665 905 1772 sanguinis
933 1663 1127 1745 detractio
1157 1664 1260 1744 bene

219 1805 352 1896 fertur
371 1803 422 1884 ab
442 1803 532 1904 illia,
550 1804 622 1910 qui
637 1821 784 1883 venam
802 1801 927 1883 incidi
942 1825 1027 1882 non
1047 1801 1257 1906 sustinent.
1343 1811 1351 1827 '

218 1943 334 2048 Saepe
353 1941 523 2021 salutare
542 1938 623 2020 fuit
641 1937 718 2019 hoc
740 1938 983 2039 remedium3
1012 1961 1103 2020 tum
1122 1937 1260 2046 praeci·

135 2079 139 2084 ’
220 2103 303 2186 pue
332 2077 376 2158 iu
394 2076 567 2158 foemina
594 2094 688 2158 nata
713 2096 803 2157 octo
831 2095 871 2156 et
890 2079 1092 2182 sexaginta
1120 2071 1261 2176 annos,

219 2239 350 2321 quam
362 2213 518 2318 vertigo
529 2211 627 2292 adeo
642 2213 773 2319 gravis
789 2192 1010 2293 identidem
1026 2212 1260 2317 arripuerat,
1343 2217 1349 2229 '

216 2371 269 2433 ut
283 2350 389 2430 illico
401 2349 744 2448 considerabetin
756 2372 919 2428 summo
931 2349 1144 2456 apoplexiae
1157 2347 1261 2455 peri·
1355 2425 1357 2430 ,

162 2513 166 2518 ’
217 2487 559 2570 tuloversuamn
618 2481 710 2566 Hoc
723 2483 892 2566 demum
904 2485 995 2566 vita
1011 2513 1119 2567 anno
1133 2486 1258 2592 coepit

220 2622 286 2704 uri
298 2621 677 2728 cucurbitulisque
689 2601 1263 2704 deindeadmovebautursinss.

221 2758 330 2867 gulis
344 2753 1054 2866 sesquimensibususqueadannum
1065 2759 1261 2865 quintum

154 2971 165 2986 ‚
220 2917 264 2978 et
276 2895 583 3000 octogesimum,
596 2893 860 3000 quodecessit.
890 2897 1115 3001 Nunquam
1126 2915 1261 2976 autem

220 3032 283 3114 llli
302 3051 403 3136 opus
423 3029 504 3112 fuit
520 3033 742 3148 monitore:
769 3032 919 3111 etenim
938 3031 971 3111 sl
990 3033 1093 3113 forte
1113 3058 1260 3138 paucos

222 3169 309 3250 dies
333 3167 506 3262 dilatum
525 3187 626 3248 esset
654 3167 731 3247 hoc
750 3167 989 3268 remedium,
1018 3170 1262 3276 apertissime

222 3305 423 3388 sentiebat
437 3333 477 3384 se
496 3299 633 3384 minus
649 3326 752 3384 reete
767 3303 908 3404 valere,
927 3327 1048 3412 atque
1060 3305 1143 3412 ejus
1160 3305 1262 3386 desi·

222 3443 386 3524 derium
411 3440 565 3522 diutius
593 3441 695 3520 ferre
716 3443 800 3522 sine
828 3441 1004 3548 periculo
1023 3469 1108 3522 non
1137 3471 1260 3550 posse.

222 3573 365 3686 Hujus
376 3577 653 3685 beneficioper
663 3578 932 3685 septendecim
943 3603 1162 3684 postremos
1171 3581 1262 3662 vitae'
1296 3617 1299 3630 ·

224 3743 354 3834 anuos
366 3713 524 3820 vertigo
537 3738 621 3794 non
633 3715 712 3797 nisi
723 3739 813 3796 raro
828 3737 866 3796 et
878 3718 1016 3798 leviter
1026 3733 1261 3798 rerersa'esa

223 3849 368 3936 Finem
396 3862 534 3935 autem
556 3852 645 3936 ritae
669 3855 803 3934 attulit
823 3855 1025 3964 paralysis,
1054 3881 1190 3962 aqua,
1218 3873 1265 3936 ut

226 3989 333 4069 mihi
349 3989 576 4086 videbatur,
591 3991 853 4072 cucurbitulas
873 4017 961 4070 eam
973 3991 1123 4072 multos
1139 4015 1265 4070 annue

228 4151 412 4207 securam
431 4125 705 4232 prestiterant.
779 4143 783 4154 “

119 4235 122 4246 ’
164 4241 174 4254 ’
238 4245 245 4258 ’
285 4263 393 4342 Cum
406 4261 568 4368 juvenis
589 4263 722 4345 adhuc
742 4284 927 4364 essem,et
952 4261 1198 4348 medicinam
1218 4287 1269 4346 ex

228 4375 342 4479 libris
358 4399 556 4505 praecipue
570 4400 806 4499 hausissem,
821 4401 1089 4482 abhorrebam
1103 4401 1153 4480 ab
1172 4381 1267 4509 epla

742 4559 770 4618 x
