3002 5086
125 731 225 816 parte
239 703 418 823 intestini
434 707 668 790 ascendente
682 743 692 810 3
721 730 761 790 et
776 709 1063 816 quamvistoto
1076 737 1150 794 suo

124 847 290 952 pondere
304 845 349 924 in
363 845 407 924 id
421 843 646 946 incumbat,
665 869 800 926 tamen
817 846 875 926 vis
893 847 971 946 illa,
1000 849 1151 953 quaein

123 981 192 1098 hoc
211 984 356 1062 morbo
372 982 435 1062 vel
453 967 693 1088 constringit
707 984 907 1082 intestina,
927 985 989 1094 rel
1007 1013 1172 1064 eorum.

122 1141 275 1200 motum
303 1119 480 1218 invertit,
508 1119 626 1224 longe
654 1120 783 1224 major
811 1145 882 1220 est,
911 1149 1037 1226 quam
1057 1149 1157 1228 quae¹

121 1253 222 1356 huic,
250 1257 314 1336 vel
332 1257 465 1335 multo
480 1253 601 1334 etiam
621 1255 796 1362 graviori
811 1257 979 1362 ponderi
995 1260 1119 1340 cedat.

169 1391 324 1499 Opium
343 1422 366 1471 a
386 1393 634 1498 quibusdam
647 1393 823 1496 rejicitur
838 1393 882 1470 in
897 1391 974 1472 hoc
989 1397 1149 1494 morb0‚

120 1529 310 1633 quoniam
325 1528 463 1609 omnia
483 1528 683 1608 narcotica
696 1528 852 1608 faciunt
865 1528 1052 1610 intestina
1067 1551 1148 1610 tor-

117 1691 215 1769 pere,
242 1687 282 1746 et
311 1687 516 1772 propterea
545 1665 735 1746 hebetant
763 1661 994 1745 facultatem
1024 1694 1150 1748 reme-

118 1799 289 1902 diorum,
328 1830 376 1882 ex
417 1802 568 1908 quibus
598 1801 693 1906 agri
722 1803 826 1880 salus
857 1801 1050 1907 speranda
1078 1825 1146 1884 est.

118 1935 262 2018 Contra
306 1938 373 2017 alii
415 1936 641 2020 defendunt
669 1939 751 2043 opii
781 1931 1009 2039 utilitatem,¹
1052 1941 1149 2047 quia

117 2075 317 2156 vomitum
356 2074 517 2156 cohibet
564 2075 619 2154 sic
659 2097 707 2156 ut
746 2075 976 2156 stomachus
1023 2078 1150 2184 possit

115 2211 277 2292 retinere
307 2239 402 2292 eum
430 2211 821 2292 medicamentorum
850 2213 1035 2313 modum,
1077 2213 1150 2320 qui

116 2349 291 2428 multum
312 2369 470 2453 superet
493 2371 697 2454 torporem
717 2377 739 2428 a
763 2349 965 2430 narcotico
994 2350 1150 2454 profes.

116 2505 211 2568 tum.
274 2487 465 2566 Praeterea
504 2488 646 2592 opium
685 2485 848 2591 prodest
887 2487 1146 2568 distentiones

111 2621 373 2724 moderando,
400 2645 619 2729 motusque
639 2623 920 2704 musculorum
943 2623 1149 2740 inordina7
1208 2718 1212 2726 ‚

115 2781 172 2840 tos
199 2759 501 2868 compescendo.
560 2760 612 2839 Et
640 2749 735 2864 aegri
756 2760 892 2864 vigilia
911 2757 1081 2866 fatigati,
1109 2784 1150 2844 et

114 2923 256 3006 angore
275 2896 463 2996 confecti,
481 2895 695 3004 perdurare
711 2897 777 2974 vix
797 2919 958 3002 possent
977 2899 1062 2978 sine
1078 2898 1149 2980 be-

112 3032 232 3139 nigno
250 3031 374 3141 hujus
391 3033 499 3114 succi
518 3031 677 3114 auxilio.
736 3035 836 3112 Haec
856 3031 960 3118 mihi
978 3059 1148 3138 perpen-

112 3166 219 3250 denti
244 3199 294 3250 ea
322 3169 516 3250 sententia
545 3171 676 3250 multo
700 3168 832 3274 potior
850 3170 935 3280 visa
953 3191 1024 3268 est,
1054 3195 1145 3277 quae
1186 3218 1202 3254 ι.

113 3306 249 3411 opium
262 3279 419 3403 ,centra
446 3307 570 3390 ileum
604 3306 789 3414 prodesse
829 3305 981 3406 statuit,
1022 3315 1149 3412 quam

113 3467 198 3548 quae
226 3471 394 3526 nocere:
427 3471 600 3552 eamque
627 3471 724 3524 usus
754 3441 865 3522 haud
892 3443 1149 3524 mediocriter

113 3569 395 3664 confirmavit.¹
455 3582 551 3687 Opii
591 3579 787 3662 beneficio
827 3606 1015 3688 prospere
1054 3581 1149 3664 dedi

109 3719 401 3832 medicamenta
419 3741 458 3799 et
470 3721 599 3824 plura,
617 3741 656 3798 et
668 3717 902 3817 valentiora,
917 3745 1044 3824 quam
1058 3703 1150 3799 ¹sine

108 3852 173 3935 illo
188 3857 435 3940 ventriculus
450 3857 622 3936 tulisset:
644 3879 735 3936 tum
751 3883 917 3962 quoqne
932 3857 1034 3938 vires
1051 3856 1148 3960 aegri

110 4017 250 4074 somno
263 4015 443 4074 recreatae
458 4015 571 4092 sunt3
592 4015 713 4100 atque
724 3993 846 4074 etiam
857 3992 932 4072 ubi
945 3993 1048 4110 seius
1062 3990 1146 4094 ejus

108 4153 268 4232 prorsus
283 4129 487 4236 desperata
500 4128 638 4228 fuerit,
655 4151 694 4210 et
708 4157 836 4236 angor
851 4155 1037 4210 summus
1057 4155 1149 4209 cru-

109 4265 282 4368 ciaverit,
307 4269 449 4374 opium
473 4268 617 4374 utique
641 4267 940 4348 solicitudinem
965 4267 1148 4373 aliquan·

111 4423 197 4483 tum
211 4403 370 4486 levavit.
398 4405 513 4486 Mors
530 4403 700 4512 quidem
711 4431 843 4512 neque
859 4402 998 4503 serius,
1016 4429 1149 4510 neque

583 4567 616 4646 Q,
641 4561 671 4626 2¹
