3002 5086
647 521 747 639 167

173 731 274 819 rhus
293 733 339 816 in
357 730 558 840 glandulis
575 759 864 834 mammarum,
882 731 1129 834 manorum,
1143 757 1214 818 aut

172 871 295 971 uteri,
326 869 484 952 facilius
519 871 709 970 nascitur,
738 893 778 952 et
796 897 904 976 saepe
922 871 966 952 in
986 873 1216 954 carcinoma

172 1008 336 1090 desinit.
401 1007 556 1088 Eodem
589 1029 770 1113 tempore
802 1008 1007 1112 glandulae
1047 1037 1214 1116 quoque

175 1145 369 1228 omnium
381 1143 596 1244 viscerum,
607 1173 703 1251 quae
718 1143 764 1224 in
774 1145 992 1226 abdomine
1012 1167 1120 1245 sunt,
1138 1146 1217 1226 hu·

167 1281 238 1390 jus
259 1281 415 1388 generis
435 1281 542 1362 vitiis
563 1280 820 1386 subjectiores
843 1309 926 1364 esse
945 1281 1149 1386 videntur,
1175 1306 1216 1366 er

172 1418 344 1500 initium
363 1417 536 1500 adversae
555 1417 798 1506 valetudinis
817 1417 984 1500 faciunt.

158 1547 162 1556 ’
229 1555 389 1637 Similes
397 1551 560 1638 affectus
573 1554 826 1636 ebriosorum
839 1579 995 1638 ventres
1004 1582 1217 1665 occupant,

172 1715 215 1776 ct
233 1721 351 1800 aeque
369 1691 582 1799 perniciosi
600 1715 708 1774 sunt.
846 1787 849 1796 ⁴

231 1831 396 1912 Vulnus
416 1821 666 1910 levissimum
686 1829 868 1934 scalpello
887 1851 1019 1930 acute,
1045 1853 1116 1913 aut
1134 1833 1214 1914 telo

172 1967 324 2076 quovis
344 1966 514 2068 factum,
540 1966 734 2048 maximas
755 1965 964 2048 interdum
991 1966 1145 2068 turbas,
1173 1990 1215 2052 et

172 2103 414 2210 gravissima
432 2104 550 2200 mala,
569 2104 633 2184 vel
655 2125 696 2184 et
713 2125 888 2184 mortem
907 2102 1037 2210 ipsam
1056 2103 1213 2186 inferet.
1287 2131 1292 2136 ·

171 2239 391 2348 Siquidem
418 2267 504 2321 non
535 2240 822 2322 tantummodo
850 2269 939 2346 pars
968 2241 1070 2322 laesa.
1086 2263 1220 2324 tumet

173 2376 368 2484 doletque
380 2409 392 2476 3
422 2375 491 2458 sed
509 2375 620 2458 varia
649 2377 826 2482 corporis
854 2379 953 2477 loca,
970 2375 1093 2458 etiam
1122 2405 1215 2484 quae

173 2513 298 2620 longe
317 2513 466 2594 absunt
495 2543 519 2594 a
536 2514 716 2612 vulnere,
734 2514 991 2596 vehementer
1019 2515 1218 2616 laborant,

175 2651 321 2730 autad
339 2650 672 2757 suppurationem
691 2677 994 2757 nonnunquam
1023 2672 1212 2771 spectant.

175 2787 247 2868 Ad
264 2787 350 2870 haec
369 2815 525 2896 semper
538 2788 689 2870 accedit
707 2788 830 2870 febris
845 2787 1074 2870 inordinate
1093 2789 1215 2870 inter-

177 2923 358 3024 mittens,
373 2951 465 3032 quae
478 2953 563 3006 non
577 2923 688 3031 prius
704 2925 968 3031 extinguitur,
985 2953 1113 3030 quam
1127 2953 1216 3005 om·
1235 3001 1240 3009 .

177 3059 243 3142 nis
269 3061 471 3142 tumultus
491 3061 738 3168 compositus
758 3061 819 3142 sit.
880 3059 1007 3173 Quod
1025 3061 1117 3142 licet
1135 3061 1218 3166 ple·

179 3225 357 3306 rumque
372 3195 443 3280 fiat
458 3198 565 3280 intra
576 3199 697 3280 breve
709 3197 907 3306 spatium;
935 3195 1144 3278 interdum
1158 3217 1219 3278 ta·

178 3361 276 3415 men
290 3333 412 3441 hujus
432 3335 586 3442 generis
599 3335 805 3440 aegrotatio
820 3355 1041 3442 perseverat
1054 3333 1100 3414 in
1113 3332 1218 3414 duos

177 3493 307 3554 tresve
326 3499 495 3572 menses,
513 3493 584 3553 aut
602 3473 724 3556 etiam
743 3473 786 3554 in
806 3495 982 3554 mortem
1000 3471 1158 3554 desinit.
1228 3574 1231 3582 ,

234 3607 369 3690 Febris
391 3607 481 3692 haec
499 3635 716 3716 nunquam
738 3609 877 3692 minus
897 3609 1119 3715 periculosa
1146 3627 1218 3708 est,

180 3771 309 3854 quarn
332 3744 417 3842 ⁴ubi
448 3773 497 3828 ex
524 3733 813 3854 suppuratione
843 3745 1035 3844 nascitur,
1062 3745 1106 3824 in
1137 3769 1219 3850 qua

180 3881 382 3988 quicquid
391 3883 534 3964 lasum
543 3881 681 3984 fuerit,
691 3881 821 3990 iupus
835 3881 986 3989 aequale
994 3881 1220 3979 resolvitur,
1252 3909 1257 3921 ·

179 4039 220 4100 et
237 4017 398 4129 facilem
409 4003 722 4102 'exitumhabet

235 4141 580 4238 Inflammationes
600 4155 900 4262 glandularum
929 4155 1011 4238 sive
1029 4154 1074 4236 in
1088 4179 1218 4234 mam-

181 4291 274 4394 mis,
302 4319 374 4386 seu
387 4291 497 4374 intus
517 4293 563 4376 in
576 4293 812 4394 visceribus,
829 4292 1220 4376 medicamentorum

181 4449 254 4514 aut
267 4427 445 4538 corporis
458 4427 657 4514 beneficio
667 4429 876 4514 interdum
890 4427 1096 4527 recedunt,
1110 4451 1221 4544 qus·
1247 4419 1252 4429 '
