3016 5076
789 443 997 560 56¹.

299 675 577 760 meminerunt
600 699 641 754 se
669 669 923 754 leuissimum
949 669 1262 754 incommodum
1291 681 1340 754 efx

168 808 171 818 ¹
294 802 372 896 illis
392 839 581 920 unquam
599 809 829 916 percepisse.
859 807 943 890 Alii
957 827 1098 890 contra
1115 807 1190 888 diu
1204 806 1340 914 questi·

297 971 395 1031 sunt
408 950 539 1030 multa
550 948 668 1046 mala,
684 973 775 1052 quae
787 944 949 1052 propria
961 943 1260 1026 lumbricorum
1271 971 1338 1024 ex-

295 1085 544 1186 istimantur,
572 1107 768 1166 ettamen
787 1083 919 1164 nullos
939 1103 1210 1164 excreverunt.

350 1221 612 1306 Ascaridibus
630 1217 713 1302 fere
728 1246 885 1327 semper
903 1219 1055 1302 accedit
1066 1217 1234 1326 prurigo
1253 1215 1335 1312 ani,

296 1387 386 1468 quae
402 1383 562 1465 vespere
580 1357 779 1465 praecipue
790 1357 959 1442 molesta
976 1377 1046 1438 est.
1104 1355 1242 1463 Atque
1256 1353 1335 1436 hoc

295 1520 355 1580 est
365 1497 637 1580 certissimum
651 1495 774 1601 hujus
791 1493 911 1600 pestis
930 1494 1108 1600 signum.
1166 1491 1336 1598 Prurigo

296 1658 434 1718 autem
464 1654 657 1740 provocat
685 1629 954 1730 fricationem,
985 1630 1096 1712 unde
1126 1629 1337 1712 tubercula

295 1800 397 1878 saepe
416 1771 606 1852 oriuntur
625 1769 730 1850 circa
748 1795 889 1868 anum,
907 1769 1089 1850 multum
1107 1767 1266 1848 diversa
1283 1763 1335 1846 ab

294 1908 678 2006 haemorrho'r'dibus,
707 1935 778 1988 seu
796 1906 908 1987 venis
924 1905 1193 2012 turgentibus.
1223 1906 1337 1986 Nau-

295 2073 373 2146 sea,
391 2044 581 2144 tormina,
599 2042 840 2124 defectiones
857 2043 1021 2144 animm,
1039 2042 1230 2142 cruditas,
1247 2065 1336 2122 ver-

295 2184 395 2290 tigo,
413 2182 569 2263 dolores
588 2179 726 2288 capitis
747 2201 787 2261 et
798 2180 1025 2280 ventriculi,
1043 2180 1241 2288 cupiditas
1253 2180 1336 2262 cibi

294 2320 358 2410 vel
376 2319 551 2410 naturali
574 2317 715 2435 major,
734 2316 798 2402 vel
816 2318 943 2418 nulla,
970 2317 1138 2423 prurigo
1157 2315 1335 2416 narium,

293 2483 461 2536 somnus
477 2455 747 2561 perturbatus,
766 2453 954 2535 dentium
966 2453 1128 2552 stridor,
1146 2453 1281 2556 tussis,
1293 2475 1334 2536 et

292 2592 457 2699 spiritus
474 2591 575 2672 odor
585 2589 737 2689 foedus,
748 2617 1052 2704 nonnunquam
1063 2617 1112 2680 ex
1123 2585 1333 2680 lumbiicis

290 2751 526 2816 nascuntur.
585 2729 693 2808 Cum
712 2749 849 2808 tamen
867 2755 947 2808 usu
967 2747 1124 2810 constat
1142 2728 1266 2813 ‘nulla
1284 2755 1333 2822 ex

291 2867 356 2948 his
378 2866 502 2974 signis
518 2869 735 2959 necessaris
755 2889 795 2958 et
810 2887 916 2960 certa
934 2893 1029 2966 esse,
1048 2865 1226 2953 dubium
1245 2866 1334 2968 erit,

250 3046 253 3055 ·
292 3005 450 3087 etiamsi
465 3005 603 3086 omnia
621 3004 666 3096 ip
681 3003 824 3092 eodem
844 3031 950 3111 aegro
970 3002 1232 3109 reperiantur,
1250 3002 1333 3088 fors

293 3169 347 3223 an
380 3141 517 3222 morbi
545 3162 690 3222 natura
722 3139 833 3222 hunc
867 3123 1114 3223 concursum
1146 3137 1332 3227 effecerit.

182 3305 185 3316 ·
290 3279 500 3360 Astacides
513 3305 598 3358 non
613 3280 747 3360 solum
765 3305 863 3360 cum
881 3299 1051 3358 stercore
1063 3277 1333 3384 expelluntur,

292 3416 504 3497 sedetiam
523 3437 664 3522 sponte
694 3443 766 3496 sua
784 3437 945 3516 exeunt,
973 3415 1098 3521 idque
1118 3442 1189 3521 per
1218 3443 1332 3497 nares

295 3554 432 3654 etiam,
448 3553 482 3635 si
496 3551 596 3634 fides
616 3553 774 3658 aegrotis
798 3553 985 3633 habenda
1003 3572 1072 3633 est.
1122 3551 1334 3634 Interdum

295 3711 602 3798 perseverarunt
628 3689 797 3796 triginta
814 3715 941 3770 annos
961 3687 1047 3770 sine
1065 3716 1216 3796 magno
1231 3693 1335 3772 vale-

269 3825 447 3943 tudinis
475 3826 731 3920 detrimento.
1030 3819 1031 3824 ‘

347 3963 565 4069 Purgantia
583 3963 688 4045 lenio
699 3989 800 4069 saepe
816 3961 981 4070 repetita
993 3962 1191 4044 minuunt
1208 3962 1333 4072 hujus

291 4099 430 4186 morbi
440 4099 719 4199 incommoda}
740 4123 867 4208 quem
878 4121 1016 4180 tamen
1028 4127 1192 4206 prorsus
1202 4099 1336 4209 depel-

274 4237 372 4319 'lere
390 4236 515 4337 nulla,
534 4257 739 4343 quantum
758 4235 854 4336 scio',
872 4235 1169 4318 medicamenta
1186 4237 1331 4320 valent.

292 4374 446 4472 Fumus
472 4371 619 4496 sabuci,
644 4394 717 4457 aut
748 4399 858 4482 equa
884 4369 930 4455 in
956 4400 1040 4484 qua
1066 4373 1245 4484 liquatus
1274 4357 1335 4458 est
