3104 5084
796 313 900 510 os

328 609 435 724 hanc
453 609 518 692 vel
539 607 652 692 illam
671 609 796 692 semel
822 623 1010 718 expertus
1030 604 1096 710 sit,
1124 607 1190 690 ille
1207 599 1363 718 posthac

193 835 197 850 ‚
329 746 464 828 eidem
482 745 590 826 malo
609 745 719 826 vivet
737 744 1029 856 opportuniori
1059 765 1101 828 et
1115 771 1200 854 quo
1228 743 1361 854 saepius

329 883 375 992 hi
394 881 558 966 'affectus
579 883 726 964 reversi
742 884 842 998 sint,
864 911 912 964 eo
931 882 1050 968 citius
1077 909 1185 964 nova
1203 881 1367 966 accessio

330 1017 675 1126 eritexpectanda.
733 1019 917 1128 Contigit
930 1041 1068 1101 tamen
1080 1017 1309 1128 aliquando,
1321 1039 1367 1100 ut

296 1130 301 1140 ¹
330 1154 518 1238 homines
539 1183 561 1236 e
579 1157 695 1264 gravi
713 1155 955 1264 hemiplegia
973 1157 1222 1258 emerserint,
1247 1177 1287 1238 et
1303 1155 1367 1237 de·

330 1292 428 1374 inde
442 1293 559 1376 liberi
577 1293 733 1376 fuerint
747 1293 800 1376 ab
819 1295 1013 1376 omnibus
1025 1293 1208 1402 ejusdem
1219 1292 1365 1398 generis

332 1429 448 1512 malis
469 1431 793 1538 quatuordecim,
820 1431 1058 1533 octodecim,
1085 1453 1157 1513 aur
1174 1431 1295 1513 edam
1312 1429 1368 1512 vi-
1420 1527 1425 1538 .

331 1567 439 1674 ginti
467 1596 606 1650 annos.
665 1567 891 1654 Fatendum
916 1590 1054 1656 autem
1078 1589 1138 1650 est
1161 1568 1237 1652 hos
1262 1597 1368 1651 casus

332 1701 466 1788 felices
495 1731 587 1788 raro
614 1705 797 1788 evenire:
826 1705 978 1788 etenim
1007 1703 1141 1812 gravis
1170 1704 1369 1815 paralysis,

335 1869 578 1950 quanquam
596 1841 781 1924 videatur
799 1870 849 1924 ex
867 1863 953 1926 toto
971 1843 1188 1944 recessisse,
1214 1840 1297 1924 fere
1314 1868 1369 1922 rs·

335 1977 437 2096 petit
450 1978 559 2062 intra
576 2007 725 2088 paucos
740 2005 882 2080 annos,
895 2000 936 2062 et
949 2005 1254 2088 nonnunquam
1271 1979 1370 2062 intra

339 2143 489 2224 paucos
509 2143 677 2198 menses.

368 2331 371 2340 ,
393 2251 586 2360 Paralysis
605 2251 702 2334 levis
721 2251 876 2359 exigua
891 2251 1015 2360 partis
1034 2252 1228 2362 corporis,
1247 2249 1369 2362 qualis
1454 2328 1456 2334 ,

335 2408 396 2468 est
415 2387 606 2470 resolutio
625 2383 805 2470 dimidia
823 2389 953 2491 faciei,
976 2418 1077 2498 sape
1096 2389 1243 2474 finitur
1259 2391 1373 2474 illaesa

336 2552 502 2632 prorsus
514 2527 755 2608 valetudine.
801 2529 974 2610 Juvenes
986 2527 1221 2610 istiusmodi
1235 2526 1372 2610 affectu

337 2663 480 2746 tentati
499 2661 681 2764 fuerunt,
710 2663 784 2772 qui
809 2665 862 2746 ad
880 2687 1102 2748 extremam
1130 2687 1372 2750 senectutem

337 2821 608 2906 pervenerunt
632 2821 809 2906 expertes
823 2879 826 2886 ,
839 2799 1020 2908 ejusdem
1051 2803 1231 2912 recidivi.
1290 2801 1372 2916 Qui

337 2937 462 3016 semel
480 2913 697 3042 occupatus
718 2959 778 3019 est
795 2938 910 3046 gravi
929 2938 1116 3050 paralysi,
1144 2967 1247 3053 saepe
1265 2965 1373 3046 expe-
1483 2927 1491 2958 ‘

339 3071 447 3190 ritur
484 3072 651 3156 leviores
684 3075 821 3156 morbi
859 3075 1113 3178 accessiones,
1150 3103 1258 3186 qua,
1284 3101 1375 3160 cum

343 3231 485 3310 noctu,
514 3211 577 3291 vel
604 3237 675 3316 per
693 3211 874 3318 quietem
892 3213 1100 3314 invadant,
1127 3214 1244 3298 facile
1262 3215 1379 3296 latent

236 3361 243 3372 '
338 3373 420 3446 eos,
435 3347 508 3452 qui
524 3347 681 3452 aegrotis
696 3345 961 3440 famulantur.
1010 3351 1374 3459 Harumvsro'jus-

339 3477 495 3562 tissima
520 3483 596 3566 erit
615 3483 803 3591 suspicio,
829 3485 904 3578 ubi
922 3489 1106 3588 eavmala,
1134 3517 1226 3596 quae
1246 3507 1373 3572 soeuta

340 3641 438 3702 sunt
467 3621 706 3702 accessiones
735 3621 900 3728 priores,
927 3623 1063 3708 denuo
1096 3625 1204 3708 intra
1233 3651 1372 3734 paucas

340 3755 459 3838 horas
479 3758 706 3865 plurimum
724 3757 1021 3866 ingravescunt,
1078 3764 1296 3873 Nusquam
1309 3789 1375 3843 au·

340 3914 425 3990 tem
454 3881 585 4002 majus
615 3895 738 3977 instat
757 3897 984 4002 periculum
1012 3901 1150 3982 morbi
1177 3897 1374 3984 recrudesa

340 4030 480 4131 centis,
508 4059 636 4139 quam
664 4061 734 4140 per
756 4062 902 4141 paucos
931 4034 1015 4118 dies
1035 4059 1126 4143 post
1153 4037 1374 4144 graviorem

340 4167 620 4270 accessionem,
637 4167 765 4252 donec
784 4171 887 4253 vires
907 4173 1106 4280 coeperint
1123 4172 1313 4282 recolligi,
1337 4189 1374 4250 et

235 4337 241 4350 ·
341 4305 528 4396 valetudo
543 4305 801 4414 aliquantum
815 4307 941 4394 fuerit
958 4309 1207 4396 confirmata.
1266 4313 1374 4402 Pars·
