3104 5084
711 473 813 578 3⁶29
843 537 845 544 ι

246 679 531 780 strictissima,
564 699 604 760 et
635 677 845 760 interdum
881 705 979 760 cum
1016 699 1192 788 stupore,
1221 679 1285 762 vel

245 817 440 916 amentia3
467 839 560 897 tum
572 844 672 924 saepe
686 817 833 896 desinit
846 815 890 896 in
902 816 1189 908 resolutionem
1200 841 1287 896 ma·

246 982 394 1055 nuum,
412 956 475 1034 vel
494 955 539 1033 in
558 975 744 1068 mortem.
801 957 958 1059 Angor,
970 953 1149 1060 jactatio,
1166 973 1207 1034 et
1225 953 1287 1036 Vl?

246 1093 355 1198 gilio,
366 1091 538 1198 fatigant
549 1113 718 1196 aegrotos
730 1090 842 1172 haud
852 1091 985 1174 multo
1000 1091 1287 1198 minus,quam

247 1227 332 1334 ipse
350 1227 477 1308 dolor.
536 1229 585 1306 In
611 1228 713 1307 lecto
736 1223 953 1334 nunquam
980 1227 1288 1334 conquiescunt,

247 1387 288 1448 et
301 1365 458 1446 assidue
473 1364 729 1444 inambulant
743 1365 818 1444 ubi
832 1393 855 1444 a
869 1365 971 1446 lecto
984 1363 1182 1444 abstinere
1196 1391 1288 1472 pos-

248 1523 356 1584 sunt.
413 1501 481 1581 Ad
501 1500 585 1580 haec
604 1529 706 1606 saepe
724 1500 922 1582 accedunt
950 1499 1105 1582 dolores
1125 1501 1290 1582 univer·

252 1667 394 1720 sorum
419 1639 714 1738 musculorum,
741 1637 917 1718 maxime
945 1664 1068 1744 prope
1097 1641 1290 1744 scapulas,

250 1773 1290 1881 languorsummus,singultus‚fastidium,vomitus,

251 1935 291 1996 et
308 1913 528 1994 umbilicus
547 1913 658 1992 intus
676 1913 728 1992 ad
748 1913 898 1993 viscera
917 1935 1121 1994 retractus.
1180 1913 1290 1994 Deli·
1324 2001 1327 2008 ,

253 2049 363 2131 rium
381 2052 478 2148 leve,
492 2071 531 2130 et
549 2049 768 2156 loquacitas
788 2049 834 2128 in
852 2050 1103 2156 quibusdam
1121 2071 1289 2130 manent

253 2185 539 2292 aliquantisper
566 2161 783 2294 postquam
802 2185 977 2292 impetus
1004 2186 1142 2267 morbi
1160 2207 1291 2266 trans·

253 2321 354 2404 ierit.
915 2297 917 2304 ,

307 2461 358 2538 In
377 2459 497 2563 longa
525 2457 652 2565 specie
670 2460 782 2540 alvus
803 2485 888 2540 non
920 2485 1076 2566 semper
1093 2458 1196 2542 duta
1218 2481 1291 2560 est,

250 2619 347 2678 tum
363 2599 531 2678 morbus
544 2598 686 2703 incipit
697 2599 748 2679 ab
767 2599 909 2679 hebete
927 2598 1064 2679 dolore
1080 2598 1293 2700 viscerum,

257 2737 330 2842 qui
350 2735 474 2814 modo
485 2733 654 2840 exiguus
669 2759 740 2835 est,
759 2736 822 2817 vel
834 2736 984 2836 nullus,
1003 2735 1127 2816 modo
1142 2733 1190 2816 fit
1205 2757 1293 2816 tan·

257 2893 337 2970 tus,
356 2893 532 2977 quantus
552 2870 597 2950 in
615 2870 826 2952 hominem
844 2872 1045 2952 maximus
1065 2869 1202 2952 cadere
1221 2899 1294 2978 po-

256 3029 345 3090 test.
404 3011 482 3088 Hae
497 3007 750 3088 vehementes
763 3008 1001 3090 accessiones
1015 3007 1217 3090 durarunt
1231 3009 1295 3088 vel

257 3171 406 3252 paucos
425 3143 522 3242 dies,
541 3144 604 3222 vel
622 3171 817 3244 mensem,
834 3144 934 3226 item
952 3128 1158 3226 redierunt
1175 3144 1294 3226 tertio

258 3280 322 3360 vel
351 3301 496 3385 quarto
516 3307 682 3386 quoque
706 3307 856 3380 mense,
882 3281 1014 3361 modo'
1030 3307 1101 3388 per
1125 3305 1296 3382 annum,

258 3416 384 3496 modo
404 3415 632 3522 perdecem
651 3443 791 3516 annos,
811 3416 1051 3526 priusquam
1069 3445 1215 3498 manus
1234 3443 1296 3500 re-

261 3553 399 3636 solutae
421 3574 527 3634 sunt.
586 3553 737 3636 Morbo
756 3575 892 3634 autem
910 3576 1122 3655 crescente,
1142 3576 1182 3636 et
1200 3553 1297 3636 viri·

44 3795 49 3804 .
145 3759 150 3768 ,
260 3688 338 3770 bus
358 3689 535 3795 corporis
559 3689 746 3790 minutis,
764 3691 1002 3772 accessiones
1021 3691 1170 3773 doloris
1189 3689 1297 3775 fiunt

261 3827 493 3928 crebriores,
510 3850 550 3909 et
569 3829 691 3910 etiam
709 3856 780 3935 per
793 3829 1109 3910 intermissiones
1124 3831 1298 3938 languor

261 3989 346 4044 non
359 3964 573 4046 mediocris
587 3987 736 4047 manet.
785 3967 966 4072 Urgente
984 3966 1193 4047 haccolica
1207 3967 1299 4072 pul·
1330 4023 1332 4028 -

263 4127 329 4180 sus
348 4099 538 4207 opinione
566 4102 703 4184 minus
724 4103 959 4184 concitatur.
1018 4105 1190 4208 Purgato
1207 4101 1299 4183 alvo

263 4261 365 4342 aeger
383 4235 573 4322 nonnihil
599 4239 782 4347 quidem,
809 4239 880 4324 sed
897 4239 1011 4324 haud
1036 4239 1218 4322 multum
1243 4239 1300 4362 leg·
1401 4323 1406 4332 .
