3002 5086
625 459 733 562 Γ909

150 679 285 746 totam
295 655 398 746 fellis
408 661 583 744 vesicam
592 666 792 770 expleant3
806 664 930 745 modo
938 665 1000 748 his
1010 666 1199 770 minores,

155 824 195 888 et
212 801 308 884 inde
328 801 527 906 deinceps,
545 801 673 882 donec
693 801 744 881 ad
760 802 968 912 pulverem
986 805 1197 888 minutum

153 937 444 1018 descenderint.
484 937 571 1017 Ubi
586 937 761 1018 calculus
774 938 903 1044 major
918 939 1054 1042 fuerit,
1069 934 1197 1049 quam

152 1073 228 1178 qui
247 1073 422 1156 ductum
440 1073 575 1154 subire
594 1074 731 1180 possit,
750 1075 818 1153 vix
836 1075 1075 1157 crediderim
1091 1080 1196 1186 quin
1241 1059 1243 1066 ¹

150 1209 406 1290 incommodi
414 1210 569 1317 aliquid
580 1210 675 1292 inde
687 1188 857 1312 dilatum
872 1237 1015 1294 verum
1027 1215 1129 1320 quid
1142 1217 1195 1298 sit

149 1345 255 1428 illud
274 1348 446 1448 malum,
472 1347 660 1428 nondum
672 1351 764 1430 satis
780 1372 1034 1456 compertum
1049 1353 1192 1436 habeo.

87 1583 92 1592 .
149 1483 385 1564 Multorum
398 1484 834 1584 cadaveraincisavidi,
847 1490 1195 1592 quorumvesicu-

146 1619 196 1700 lae
205 1620 650 1720 abundabantcalculis,
661 1643 699 1701 et
707 1621 1010 1704 interdumsatis
1019 1625 1192 1731 magnis,

38 1815 41 1824 ,
100 1859 104 1868 Ι
147 1785 391 1868 quanquam
417 1786 549 1865 neque
567 1759 713 1839 icterus
732 1757 874 1840 fuisset
892 1787 1092 1867 unquam,
1115 1789 1190 1844 nec

146 1893 325 2002 quodvis
345 1895 456 1975 aliud
471 1894 640 1994 malum,
659 1895 772 2002 quod
786 1895 882 1976 huic
898 1925 1024 1978 causae
1044 1899 1190 1979 ascribi

83 2067 88 2082 ·
139 2031 236 2140 jure
246 2055 391 2138 posset.
450 2033 498 2112 In
511 2033 647 2138 paucis
660 2060 755 2114 vero
770 2009 991 2140 suspicatus
1008 2063 1102 2117 sum
1116 2038 1189 2118 do-

143 2171 247 2252 lores
261 2197 385 2272 saevos
397 2170 696 2279 hypochondrii
708 2171 838 2254 dextri
849 2171 1048 2278 profectos
1063 2173 1189 2256 fuisse

143 2307 352 2407 acalculis,
362 2307 434 2412 qui
443 2329 534 2414 post
544 2329 720 2388 mortem
729 2305 911 2388 invesica
922 2311 1067 2415 reperti
1079 2333 1186 2392 sunt.

143 2443 243 2527 Bilis
256 2443 332 2523 viae
342 2443 386 2523 in
397 2443 579 2544 ictericis,
590 2471 676 2524 non
688 2473 798 2526 secus
812 2473 855 2525 ac
867 2467 1041 2528 ureteres
1053 2448 1098 2527 in
1109 2449 1189 2529 cal-

143 2579 308 2680 culmis,
327 2579 451 2660 modo
465 2579 622 2686 ubique
637 2580 870 2681 dilatantur,
888 2582 1013 2664 modo
1030 2583 1076 2663 in
1094 2584 1189 2691 qui·
1277 2623 1278 2626 ¹

141 2717 323 2798 busdam
335 2739 497 2796 tantum
511 2717 621 2816 locis,
636 2717 710 2797 ubi
722 2718 895 2797 calculus
909 2719 1054 2825 aliquis
1067 2747 1187 2828 gran·

140 2852 236 2935 dior
251 2879 416 2932 moram
434 2851 582 2934 fecerit
641 2853 806 2953 Mulier,
825 2882 917 2960 quae
946 2883 1043 2934 cum
1062 2857 1186 2942 ictero

138 2991 298 3070 multos
311 3015 437 3072 annos
446 3017 546 3096 saepe
558 2987 785 3070 conflictata
793 2988 1110 3090 fuerat,tandem
1119 3019 1187 3072 ex·

136 3123 251 3232 pulit
270 3125 484 3226 calculum,
498 3125 612 3230 cujus
624 3127 760 3207 minor
775 3127 952 3208 ambitus
968 3149 1051 3208 erat
1070 3127 1196 3234 polli-·

133 3263 439 3349 eumduorum.
461 3257 722 3369 Jecuripsum
730 3291 891 3370 prorsus
900 3290 1186 3372 sanumreper·

133 3411 234 3482 tum
253 3399 541 3502 estin‘multis,
553 3400 626 3508 qui
640 3401 765 3482 ictero
780 3429 880 3508 saepe
892 3403 1190 3484 laboraverant
1251 3399 1252 3402 ‘

193 3541 261 3622 Ex
289 3539 449 3621 calculis
479 3539 570 3620 bilis
593 3566 712 3651 'quos
732 3537 817 3648 ipse
847 3539 1087 3642 examinavi,
1114 3541 1184 3622 alii

130 3675 313 3758 fuerunt
332 3695 451 3783 'aqua
487 3675 667 3775 leviores,
694 3675 761 3756 alii
798 3675 1114 3783 ponderosiores,
1143 3698 1184 3759 et

127 3811 328 3897 flammas
347 3835 505 3920 promte
524 3799 804 3920 conceperunt.
891 3847 894 3855 ·

141 4007 147 4014 -
189 3948 344 4032 Nescio
358 3977 411 4034 an
422 3950 525 4034 cutis
540 3950 708 4058 prurigo
726 3977 812 4032 non
826 3951 938 4058 pejus
954 3973 1076 4057 angat
1085 3951 1181 4032 icte-

124 4088 260 4188 ticos,
279 4115 406 4196 quam
423 4089 560 4190 dolor;
589 4115 686 4170 cum
704 4115 868 4173 somnos
887 4089 1034 4196 pariter
1052 4087 1192 4194 impe-¹

124 4223 240 4326 diat,
257 4244 352 4306 tum
365 4247 526 4306 maneat
540 4225 709 4326 diutius,
725 4247 766 4306 et
785 4225 870 4306 sine
884 4225 966 4307 ullis
978 4223 1191 4306 intermis-·

124 4362 266 4452 sione·
297 4359 553 4474 Quanquam
563 4361 868 4447 autemaliihoc
879 4381 1083 4448 tormento
1095 4387 1183 4444 ma·

652 4521 678 4582 ἰ’
767 4573 771 4580 ,
