3104 5084
704 415 706 421 i
816 455 919 584 s7e

342 663 448 790 bum
460 695 586 754 suum
595 675 928 761 communicavit.
963 679 1147 788 Igiturne
1158 647 1244 766 h'aet
1255 681 1386 792 pestis,

341 805 509 912 pesinde
523 835 569 888 ac
581 809 754 912 variolae‚
769 814 1002 922 contagiosa
1012 845 1098 900 non
1112 843 1186 922 est,
1200 822 1280 903 nisi
1297 839 1386 906 tum

339 969 439 1022 cum
470 967 621 1050 spectat
650 947 703 1030 ad
735 952 1042 1072 matusitatem?
1079 956 1186 1040 Fieri·
1216 960 1387 1066 quidem

338 1079 487 1185 potuit,
514 1103 562 1163 ut
581 1083 666 1164 aliae
692 1112 820 1167 causae
847 1117 1024 1196 puerum
1042 1091 1156 1178 hunc
1169 1095 1383 1204 gmorbillis

337 1214 538 1328 implicari
556 1247 604 1302 eo
623 1243 804 1330 tempore
824 1225 1057 1310 vetuissent.

671 1421 1045 1450 m

761 1573 869 1658 Ces.
894 1573 962 1659 64.

551 1733 621 1859 De
641 1735 817 1822 Narium
837 1735 1164 1848 Hoemorsltugia.

390 1870 857 1980 Snucusulsenaribus
867 1895 1108 2005 profusiofit
1119 1895 1381 2006 potissimum

332 2036 379 2117 in
397 2035 497 2136 illis,⁴
514 2035 589 2142 qui
607 2036 686 2136 vel!
699 2017 1009 2117 adolescentiam
1032 2035 1223 2118 nondum
1247 2065 1379 2120 exces-

260 2227 262 2238 »
333 2195 486 2274 serunt,
499 2173 563 2254 vel
581 2173 633 2254 ad
652 2194 899 2254 senectutem
918 2173 1143 2282 propinqui
1163 2197 1272 2257 sunt.
1330 2177 1378 2258 In

332 2311 467 2418 pueris
497 2335 589 2392 raro
615 2305 663 2390 fit
691 2309 937 2410 immodica3
966 2331 1008 2392 at
1024 2311 1071 2392 in
1098 2311 1246 2392 adultis
1276 2339 1377 2420 saepe

330 2471 484 2556 magno
498 2447 656 2554 impetu
667 2445 810 2547 fertur,
821 2469 861 2528 et
874 2445 1084 2530 interdum
1098 2446 1280 2530 cohiberi
1292 2475 1374 2530 non

329 2607 463 2694 potest
480 2584 722 2692 priusquam
741 2585 878 2664 anima
895 2583 1066 2667 deficiat.
1098 2657 1100 2662 ,

386 2722 505 2804 Pueri
531 2719 688 2822 infirmi
718 2721 815 2804 huic
844 2721 945 2802 vitio
975 2699 1234 2829 subjectiores
1266 2721 1372 2826 sunt',

330 2887 458 2969 quam
483 2857 558 2965 qui
586 2859 764 2964 corporis
795 2858 941 2940 habitu
970 2857 1151 2942 firmiore
1178 2860 1369 2966 gaudent.

328 2998 378 3078 ln
406 2984 521 3078 ae'tate
548 2996 698 3094 adulta,
726 3017 998 3104 praeterquam
1025 2997 1141 3106 quod
1167 2997 1301 3079 oritur
1323 3023 1370 3079 ex

327 3133 527 3216 scirrhoso
542 3133 798 3213 ebriosorum
805 3133 953 3240 jecore,
964 3162 1066 3242 saepe
1081 3162 1249 3242 quoque
1263 3161 1372 3216 acce·

326 3273 390 3353 dit
408 3269 626 3388 arthritigii,
644 3259 783 3376 capitis
803 3271 948 3374 dolori,
966 3271 1170 3378 vertigini,
1196 3249 1368 3378 torpeti-

326 3407 421 3511 bus,
448 3407 654 3514 minisque
683 3407 912 3515 apoplexin,
945 3430 986 3492 et
1013 3407 1239 3491 valetudini
1267 3436 1369 3518 quo-

325 3573 412 3656 quo
430 3544 556 3627 modo
575 3543 752 3651 perditae.
1207 3641 1209 3646 Ι

299 3731 301 3735 -
381 3685 430 3764 In
442 3681 610 3763 muliere
624 3709 710 3762 una
727 3704 849 3788 atque
863 3683 986 3766 altera
999 3711 1141 3766 cursus
1156 3682 1366 3790 sanguinis

322 3847 372 3905 ex
391 3819 558 3900 naribus
579 3820 777 3926 praecessit
795 3843 1016 3922 menstrua,
1043 3843 1086 3904 et
1102 3819 1366 3930 perseveravit

322 3960 452 4040 donec
478 3955 548 4036 illa
570 3955 780 4039 desiissent
792 3991 804 4056 ;
832 3957 878 4039 in
891 3959 978 4040 aliis
1006 3959 1176 4042 functus
1202 3981 1263 4041 est
1280 3958 1365 4040 vice

320 4116 654 4195 menstruorum
682 4095 728 4174 in
756 4094 843 4176 aliis
875 4123 1034 4204 semper
1051 4096 1234 4180 substitit
1260 4095 1361 4178 dum

318 4229 389 4314 illa
406 4229 594 4334 fluerent,
620 4232 713 4317 licet
731 4259 950 4343 nunquam
965 4235 1059 4318 alias
1082 4255 1144 4320 tot
1161 4231 1247 4318 dies
1265 4257 1360 4318 eon·

319 4367 596 4480 quievisceret.
751 4375 753 4380 ’
