3104 5084
673 501 770 595 eol

205 708 395 796 noctibus
421 707 624 815 imposita,
651 709 755 790 mihi
775 707 859 788 visa
889 729 985 788 sunt
1006 709 1096 814 plus
1117 707 1249 816 profes

134 827 138 836 ¹
204 847 305 930 sisse
325 847 377 928 ad
393 845 692 927 discutiendam
712 842 1091 944 inflammationem,
1120 873 1248 956 quam
1339 903 1342 914 .

205 983 400 1094 quaelibet
427 983 603 1092 collyria.
661 983 748 1064 Ubi
776 980 1045 1065 inflammatio
1072 987 1248 1091 postula-

205 1123 323 1222 ven't‚
350 1121 632 1229 cataplasmata
645 1142 785 1202 octava
800 1143 964 1228 quaque
989 1117 1089 1202 hora
1108 1122 1249 1204 admo-

204 1261 291 1342 ven'
309 1261 471 1340 debent.
529 1259 677 1340 Cortex
695 1258 954 1356 Formianos,
968 1279 1009 1339 et
1022 1283 1136 1366 aquae
1153 1287 1250 1368 pur·
1350 1271 1354 1278 '

204 1419 359 1504 gantes,
377 1377 512 1477 valent
530 1395 718 1476 adversus
738 1395 826 1494 hos,
844 1417 884 1478 et
902 1419 1042 1478 omnes
1062 1397 1159 1476 alios
1176 1397 1250 1478 do-

206 1535 308 1616 lores
340 1534 565 1616 oculorum.
623 1531 710 1612 Ubi
738 1532 935 1639 palpebra
966 1531 1250 1634 inhaerescunt,

205 1670 378 1778 sin-gulis
398 1669 587 1752 nostibus
599 1669 801 1777 oportebit
816 1667 1016 1775 margines
1032 1695 1172 1750 earum
1185 1669 1249 1750 in-

157 1843 159 1853 ·
205 1833 361 1913 ungere
393 1785 509 1914 adipe
537 1807 656 1887 suillo
689 1831 796 1914 aqua
827 1805 1021 1905 emollito,
1048 1831 1100 1886 ne
1129 1829 1249 1892 mane

206 1943 476 2048 glutinentur,
487 1965 526 2025 et
537 1943 579 2022 vi
591 1941 769 2050 quadam
780 1935 1018 2024 diducendae
1032 1943 1126 2058 sint,
1139 1943 1250 2024 unde

205 2078 326 2160 dolor
337 2101 377 2162 et
390 2077 661 2170 inflammatio
672 2057 947 2166 intendentur.
975 2075 1251 2180 Settcmfon-

207 2214 337 2315 siculi,
353 2237 395 2296 et
412 2215 658 2316 vesicatoria,
685 2243 786 2323 saepe
805 2239 891 2296 non
907 2215 1250 2310 contemnendam

206 2379 330 2458 opem
355 2351 536 2458 praebent
554 2353 606 2434 ad
633 2351 707 2433 hos
722 2331 892 2438 ‘morbos
922 2353 1252 2454 summovendos,

209 2509 248 2568 et
266 2489 320 2568 ad
339 2489 650 2594 praecavendum
669 2517 720 2570 ne
738 2511 928 2596 repetant.

262 2626 470 2708 Adversus
489 2649 650 2732 guttam
670 2652 851 2708 serenam
870 2627 1087 2733 omnigena
1107 2653 1252 2732 nervo-

210 2762 502 2862 rumremedia,
510 2763 691 2870 pulveres
701 2782 1018 2844 sternutamenta
1030 2781 1250 2861 moventes,

209 2897 533 2999 exulcerationes,
551 2899 764 3005 emplastra
780 2895 1037 2998 cantharidis,
1056 2919 1095 2978 et
1109 2925 1250 3004 argen-

175 3069 178 3074 ·
210 3056 302 3116 tum
321 3035 465 3115 vinum
484 3035 629 3116 datum
648 3035 704 3117 sic
722 3057 770 3117 ut
789 3035 955 3116 salivam
974 3035 1128 3134 excitet,
1147 3033 1250 3114 nihil

211 3170 382 3251 omnino
401 3169 670 3277 profecerunt.
727 3171 859 3252 Aiunt
886 3169 1251 3254 eiettrificationem
1344 3149 1352 3160 ’

211 3303 422 3396 intertium
439 3305 564 3392 fuisse
583 3307 737 3390 utilem.

266 3443 335 3524 Ad
351 3465 592 3526 cataractam
605 3445 776 3526 unicum
791 3443 1019 3533 remedium
1029 3465 1088 3526 est
1102 3444 1251 3526 humo·

212 3603 299 3662 rem
313 3581 595 3689 crystallinum
606 3583 670 3663 nel
680 3581 917 3688 deprimere,
929 3581 993 3662 vel
1006 3581 1221 3694 extrahere.

265 3719 430 3812 Veteres
445 3719 593 3800 medici
605 3696 784 3820 ocularii,
797 3739 849 3800 ut
858 3745 907 3806 ex
919 3717 1032 3800 Celso
1044 3717 1252 3822 discimus,

212 3853 386 3964 collyriis
417 3855 500 3944 suis
517 3853 601 3940 fere
620 3881 777 3963 semper
791 3853 1105 3937 admiscuerunt
1124 3855 1252 3964 lacry··¹
1324 3843 1365 3980 'iu

212 3978 568 4100 nram'papaveris.
628 3991 758 4106 Quod
786 3991 819 4074 si
844 3991 1139 4101 perpendamus
1168 3991 1253 4100 opii
1346 4060 1351 4070 .

211 4145 435 4230 potestates,
455 4155 546 4237 quae
566 4129 749 4212 sensibus
765 4152 915 4241 patent,
933 4151 1026 4211 tum
1044 4129 1146 4211 vires
1166 4157 1261 4222 mes„

212 4259 333 4367 ditas,
353 4291 453 4372 quas
474 4293 554 4348 usu
568 4267 748 4374 cognitas
768 4263 979 4367 habemus,
997 4263 1253 4373 vixpraesidii

213 4397 368 4526 aliquid
382 4431 431 4486 ex
443 4401 537 4524 opio
549 4401 738 4496 adversus
749 4401 916 4488 morbos
935 4403 1149 4500 oculorum
1161 4403 1253 4502 licet-
