3050 5084
342 647 500 730 semper
518 618 628 704 fiunt
650 621 696 706 in
718 622 863 706 eadem
888 648 1067 732 aegrota:
1096 653 1243 710 verum
1260 629 1333 714 nbi
1349 657 1392 714 ex

263 801 267 810 ·
337 758 402 842 his
414 789 543 868 pauca
555 783 664 863 sunt,
676 765 770 844 satis
784 763 1034 846 indicabunt
1046 766 1185 849 morbi
1197 789 1392 871 naturam,

338 927 581 1007 quanquam
600 901 796 983 obstetrix
814 925 982 983 uterum
1008 903 1199 986 nondum
1219 909 1390 1014 explora·

273 1071 281 1084 =
336 1035 454 1135 verit,
473 1057 512 1118 et
531 1063 700 1118 omnem
715 1037 939 1119 dubitandi
959 1067 1102 1122 ansam
1122 1045 1339 1125 sustulerit.

342 1247 345 1252 .
393 1173 503 1256 Folia
518 1172 660 1256 cicutae
673 1175 846 1258 arefacta
856 1199 897 1259 et
912 1177 958 1258 in
983 1179 1195 1286 pulverem
1209 1184 1388 1284 contrita,

252 1405 262 1414 ,
335 1313 400 1394 vel
416 1339 567 1396 succus
575 1311 659 1418 ejus
677 1291 882 1420 spissatus,
900 1344 998 1398 cum
1014 1327 1123 1426 aqna
1141 1319 1186 1398 in
1206 1347 1291 1426 qua
1308 1347 1387 1401 cor-

256 1533 261 1547 ,
333 1473 400 1534 tex
415 1452 662 1533 Peruvianus
683 1451 872 1535 decoctus
892 1478 965 1556 est,
983 1476 1078 1538 tuto
1099 1455 1188 1537 dari
1203 1479 1383 1564 possunt:

333 1618 479 1672 verum
494 1590 593 1692 haec,
612 1612 652 1672 et
666 1593 743 1672 alia
762 1593 904 1678 omnia
922 1593 1232 1698 medicamenta,
1262 1622 1385 1704 quan·

332 1751 426 1810 tum
446 1757 514 1810 me
533 1759 633 1844 usus
649 1729 804 1828 docuit,
825 1759 987 1838 parum,
1006 1754 1077 1813 aut
1089 1732 1193 1812 nihil
1210 1733 1384 1841 profece-

332 1889 445 1966 runt,
472 1867 537 1948 vel
565 1868 617 1948 ad
646 1869 1204 1971 medendumcarcinomati,
1237 1872 1303 1953 vel
1338 1870 1383 1950 ad

331 2007 537 2112 impetum
558 2007 644 2112 ejus
665 2007 956 2088 cohibendum.
1006 2009 1232 2120 Quandam
1250 2032 1381 2090 autem

329 2145 483 2244 curavi,
512 2173 604 2252 quae
633 2143 720 2226 visa
744 2167 803 2226 est
826 2146 1009 2226 multum
1028 2146 1165 2246 levari,
1193 2146 1300 2226 dmn
1318 2174 1380 2227 su-

318 2303 457 2366 meret
487 2283 677 2384 cicutam,
707 2305 747 2364 et
766 2283 889 2364 simul
909 2311 1062 2390 aquam
1081 2283 1126 2362 in
1155 2311 1239 2390 qua
1258 2313 1305 2364 ea
1318 2284 1380 2364 de-

329 2443 443 2502 cocta
453 2423 538 2503 era‘t
551 2421 596 2501 iu
611 2422 803 2528 vaginam
815 2421 1074 2504 infunderet:
1096 2421 1256 2503 dolores
1271 2423 1377 2504 enim

323 2557 409 2640 fere
423 2559 781 2666 conquiescebant,
795 2581 835 2640 et
845 2582 984 2644 uterus
997 2586 1067 2667 per
1079 2585 1206 2640 annos
1220 2559 1375 2667 aliquot

326 2695 427 2780 a'deo
443 2667 611 2778 vacabat
629 2697 825 2796 molestia,
851 2719 900 2778 ut
919 2725 992 2780 nec
1011 2697 1104 2776 vitae
1131 2697 1287 2778 muniis
1309 2695 1376 2777 ob-

326 2834 487 2934 eundis,
514 2863 587 2916 nec
608 2835 733 2916 solitis
748 2836 1052 2918 oblectamentis
1068 2835 1269 2936 fruendis,
1288 2861 1376 2914 mu·

325 2971 399 3054 lier
432 2971 517 3052 haec
550 2973 684 3077 impar
709 2995 821 3054 esset.
881 2973 1085 3082 Plerisque
1117 2973 1203 3082 aliis
1236 2973 1376 3082 opium

325 3110 499 3194 unicum
514 3103 816 3192 solatium'fuit.

377 3814 492 3894 Hmc
513 3809 597 3892 fere
616 3829 726 3910 sunt,
754 3837 845 3918 quae
864 3833 946 3890 usu
962 3807 1158 3916 magistro
1176 3805 1302 3888 didici
1320 3801 1367 3882 de

322 3972 468 4034 natura
495 3947 754 4048 morborum,
795 3969 836 4028 et
869 3925 1157 4028 remediorum.
1228 3947 1364 4026 Fateor
1400 4023 1405 4038 ,

319 4091 514 4198 equidem
546 4117 592 4168 ea
619 4115 703 4169 esee
732 4084 864 4186 rudia,
905 4085 1108 4186 inchoata,
1135 4107 1176 4168 et
1200 4105 1361 4164 manca:

318 4228 437 4338 cujus
465 4227 524 4310 rei
551 4227 682 4334 culpa,
714 4247 765 4310 ut
791 4222 1016 4342 maximam
1045 4245 1202 4331 partem
1229 4220 1273 4302 in
1300 4241 1362 4318 me
