3050 5084
154 695 281 780 utilia.
314 695 442 810 Quod
462 694 495 777 si
514 694 581 777 cui
599 693 704 778 desit
721 695 797 777 ista
815 693 942 774 animi
961 696 1198 798 constantia,

157 859 237 939 qua
244 861 346 939 opus
358 855 417 914 est
428 831 479 912 ad
487 831 713 914 diutissime
721 831 1203 938 perseveranduminusu¹

154 959 306 1050 ho'rum
317 969 605 1070 remediorum,
623 969 688 1050 ille
700 997 785 1050 non
797 969 900 1048 male
915 967 992 1050 eibi
1005 971 1200 1070 consulet,

155 1105 258 1187 dum
277 1133 448 1188 summae
468 1105 512 1186 in
531 1106 631 1186 cibis
650 1106 923 1212 temperantiae
938 1105 1058 1188 unice
1072 1105 1199 1187 confi-

155 1243 239 1343 dat,
256 1266 297 1324 et
315 1244 429 1324 nullo
443 1243 522 1322 alio
537 1265 637 1350 potu
652 1265 791 1324 utatur
805 1265 947 1350 praeter
962 1271 1113 1350 aquam
1124 1272 1200 1350 pu-

155 1379 372 1480 rissimam,
391 1379 520 1488 qualis
536 1401 594 1461 est
609 1408 736 1487 quam
747 1379 929 1487 praebent
942 1377 1073 1462 fontes
1088 1382 1200 1464 collis

155 1517 459 1598 Malvernensisi

364 1771 367 1777 .
480 1667 886 1762 Q

500 1963 506 1977 ι
583 1859 690 1942 Cas.
712 1865 778 1944 88.
833 1899 841 1920 ·

537 2047 606 2130 De
626 2047 821 2130 Tenesmo.

212 2202 1209 2348 TrrrrsMus,seufrequensdesidendicupiditas:

94 2465 109 2492 Ι
158 2371 265 2455 dum
277 2373 428 2453 interea
446 2397 593 2478 parum
605 2393 675 2452 aut
693 2371 797 2451 nihil
811 2373 1010 2479 dejicitur,
1021 2403 1069 2456 ex
1083 2381 1203 2461 variis

157 2509 289 2592 causis
301 2509 446 2590 oritur:
463 2535 560 2588 nam
572 2507 705 2616 primo
717 2506 836 2588 illuni
847 2511 1021 2594 excitant
1032 2535 1204 2618 stercora

156 2647 265 2726 dura
282 2645 523 2726 intestinum
542 2667 699 2725 rectum
713 2645 935 2752 implentia,
963 2671 1003 2730 et
1021 2621 1107 2734 ndn
1125 2653 1204 2735 nisi

156 2783 290 2864 aliena
332 2807 406 2888 ope
448 2779 703 2888 expellenda:
732 2781 877 2864 deinde
917 2783 1093 2868 scirrhus
1122 2767 1204 2872 sive

157 2917 281 3018 uteri,
314 2946 384 2998 seu
412 2917 592 2997 intestini
623 2919 732 3018 recti,
761 2947 831 2998 seu
863 2943 1071 3025 prostatae:
1113 2946 1206 3006 tum

156 3053 404 3162 stranguria,
420 3071 493 3134 seu
512 3051 583 3134 fiat
602 3079 624 3134 a
639 3053 790 3135 calculo
806 3055 957 3170 vesicae,
977 3058 1059 3140 sive
1074 3089 1097 3140 a
1112 3089 1206 3142 can-

156 3191 414 3274 tharidibus:
435 3189 611 3298 denique
626 3189 808 3272 debilitas
824 3193 1107 3296 musculorum
1126 3199 1208 3298 ani,

158 3329 224 3408 vel
244 3353 384 3409 sensus
404 3353 548 3408 eorum
567 3325 689 3408 nimis
704 3355 807 3428 acer,
824 3329 896 3436 qui
915 3329 1124 3413 interdum
1144 3363 1209 3418 ac·
1317 3301 1326 3320 ⁹

157 3463 268 3546 cedit
287 3463 421 3545 colicae
433 3463 684 3564 ¹Saturninae,
708 3485 778 3544 aut
797 3463 989 3548 intestino
1009 3471 1208 3577 prolapso,

159 3625 200 3684 et
229 3627 318 3682 non
347 3629 437 3682 raro
466 3599 650 3708 sequitur
678 3601 940 3710 apoplexiam,
977 3627 1017 3687 et
1043 3629 1209 3714 partum
1240 3694 1243 3702 ,

158 3737 386 3838 difficilem,
413 3759 453 3820 et
473 3737 755 3846 dysenteriam.

216 3877 446 3956 Tenesmus
466 3897 720 3980 exasperatur
735 3875 892 3977 stando,
911 3899 982 3960 aut
996 3881 1209 3964 ambulan-

159 4011 243 4114 d03
262 4033 304 4093 et
322 4013 477 4093 levatur
489 4011 675 4092 sedendo.
706 4011 903 4095 Tinctura
918 4015 1000 4122 opii
1011 4017 1055 4097 in
1070 4019 1211 4112 alvum

160 4145 316 4256 infusa²
342 4171 401 4230 est
429 4149 674 4255 plerumque
701 4151 1060 4256 praesentissimum
1088 4155 1210 4264 hujus

162 4285 264 4369 mali
303 4285 544 4384 remedium,
583 4283 648 4366 vel
687 4285 828 4366 saltem
870 4287 1212 4397 allevamentum
