3104 5084
343 733 488 793 turum
517 737 612 807 esse,
647 730 855 817 propterea
889 706 1002 816 quod
1036 681 1389 812 hoc'r'emedium,

344 849 461 958 quod
478 873 613 928 unum
628 867 844 953 supererat,
871 867 1074 938 tentatum
1092 844 1229 928 suerio

397 987 470 1066 Sin
485 1007 642 1092 agrotae
655 983 851 1065 timiditas
864 1010 949 1064 non
961 983 1058 1065 sinit
1070 983 1274 1066 scirrhum
1285 1005 1384 1066 tem·

341 1123 494 1232 pestive
513 1122 663 1223 excidi3
693 1123 756 1202 vel
774 1122 808 1202 si
836 1121 891 1203 ob
910 1149 1071 1204 moram
1088 1120 1239 1204 factam
1257 1123 1304 1204 in
1322 1149 1385 1204 ex·

341 1258 540 1366 pariendis
556 1255 742 1340 remediis
757 1258 898 1366 magni
914 1259 1107 1361 nominis,
1125 1279 1164 1341 et
1178 1231 1384 1342 nullarum

341 1395 507 1497 virium,
526 1395 696 1478 morbus
712 1393 890 1504 spatium
908 1394 1097 1478 habuerit
1115 1397 1168 1478 ad
1186 1421 1384 1505 occupan-

200 1515 207 1526 ⁴
339 1533 437 1624 dam
457 1559 682 1614 mammam
699 1533 946 1635 universam,
964 1561 1062 1640 cum
1079 1535 1383 1637 exulceratione,

307 1710 309 1718 =
339 1682 380 1752 et
391 1667 600 1752 doloribus
619 1696 810 1752 mammae
825 1670 965 1778 ipsius,
979 1693 1072 1752 tum
1084 1671 1230 1780 reliqui
1242 1665 1380 1780 corpo·

340 1805 413 1905 τῖες
443 1807 477 1887 si
495 1803 619 1888 febris
636 1805 789 1888 hectica
807 1806 871 1906 sit,
890 1807 1052 1908 macies,
1070 1786 1297 1909 fastidium,
1314 1809 1380 1890 de-

337 1941 495 2044 bilitas3
520 1945 572 2025 ad
584 1941 697 2052 q'uod
709 1945 913 2025 malorum
925 1943 1136 2051 fastigium
1147 1945 1274 2026 modo
1284 1973 1380 2053 pau·

339 2079 395 2160 cis
408 2081 537 2181 annis,
548 2081 673 2162 modo
685 2079 791 2162 intra
803 2058 950 2187 paucos
964 2107 1119 2163 menses
1131 2083 1378 2189 pervenitur3

339 2215 396 2297 sic
408 2240 669 2324 aegrotantem
682 2217 787 2301 salus
800 2220 898 2326 ipsa,
913 2219 946 2300 si
959 2243 1133 2326 cuperet,
1146 2224 1379 2304 servaretis

338 2375 481 2460 posset.
539 2357 589 2436 In
620 2383 663 2437 re
692 2377 830 2438 tamen
857 2378 943 2438 tam
975 2357 1181 2464 deplorata
1208 2383 1294 2439 non
1322 2375 1380 2442 est

337 2515 500 2597 prorsus
538 2489 848 2600 desperandum,
884 2493 1009 2574 modo
1042 2491 1185 2574 scirrhi
1219 2495 1378 2576 axillam
1434 2499 1435 2504 ’

338 2654 424 2708 non
443 2627 541 2710 adeo
561 2630 860 2738 occupaverint,
886 2652 935 2712 ut
953 2631 1083 2711 excidi
1096 2633 1377 2738 nonpossint:

313 2786 497 2880 'tempus
517 2766 762 2846 admovendi
782 2767 955 2873 scalpelli
981 2787 1146 2848 tantum
1165 2795 1252 2848 non
1280 2795 1378 2875 prae·

337 2901 469 2982 teriit:
497 2929 595 2982 narn
613 2931 661 2984 ex
675 2901 739 2984 his
755 2903 942 3010 periculis
958 2929 1107 3010 aegram
1126 2904 1178 2984 ad
1196 2905 1376 3013 chirurgi

336 3039 535 3128 auxilium
547 3047 733 3147 prospere
747 3039 977 3147 confugisse
989 3043 1098 3124 novi.
1156 3044 1253 3122 Non
1264 3043 1376 3124 dissi·

335 3177 582 3256 mulandum
600 3199 660 3258 est
679 3157 910 3286 scalpellum
930 3199 1016 3259 tam
1035 3205 1122 3259 sero
1140 3178 1374 3261 invocatum

335 3311 576 3420 plerumque
599 3342 682 3394 esse
702 3341 1020 3422 supervacuum:
1051 3343 1148 3397 cum
1167 3343 1270 3423 saepe
1288 3315 1374 3396 vul·
1437 3339 1441 3353 “

336 3475 414 3528 nus
434 3451 497 3529 vel
525 3477 742 3558 nunquam
768 3475 1036 3551 consenescat,
1066 3455 1137 3534 vel
1156 3476 1373 3561 postquam

308 3587 606 3687 ,consanueric
624 3588 721 3668 novi
750 3589 894 3670 scirrhi
927 3612 1155 3672 nascantur.
1218 3587 1376 3672 Nihilo·

334 3722 473 3802 minus
494 3723 610 3805 dolor
628 3725 910 3808 abscindenda
931 3755 1120 3808 mamma
1139 3729 1374 3834 pensabitur

334 3835 625 3963 emolumento,
653 3865 767 3970 quod
795 3887 835 3948 et
862 3865 961 3972 ipsa,
988 3887 1028 3947 et
1060 3865 1285 3948 assistentes
1313 3889 1374 3946 ca-

296 4061 298 4074 .
333 3997 458 4104 pient,
478 4000 635 4080 sublata
653 4021 739 4082 tarn
758 4003 869 4108 putri
888 4031 1017 4086 carne.
1127 4071 1130 4074 -

389 4135 474 4216 Ubi
495 4135 724 4217 carcinoma
743 4140 839 4220 altas
859 4141 983 4246 egerit
1002 4141 1153 4222 radices
1172 4140 1218 4220 in
1246 4137 1374 4238 axilla,

333 4292 550 4381 totumque
569 4273 798 4379 brachium,
826 4275 1022 4386 impedito
1042 4277 1218 4389 lymphae
1239 4303 1373 4376 cursu,
