3050 5084
790 433 895 537 382

309 659 396 730 atra
423 668 509 730 erat
526 647 704 729 secundo
733 647 799 728 die
819 645 871 729 ab
901 649 1124 731 accessione
1149 649 1298 752 morbi,
1315 663 1355 738 et

307 787 421 894 quod
433 813 482 866 ex
492 813 539 864 ea
548 783 767 884 desidebat,
778 785 988 892 pulverem
997 807 1133 867 atrum
1145 787 1349 870 referebat

304 923 446 1004 Ambo
457 922 502 1002 hi
517 921 614 1028 agri
627 946 676 1001 ex
692 922 839 1002 morbo
851 919 1015 1004 recreati
1027 946 1137 1024 sunt,
1149 924 1234 1006 sine
1249 950 1352 1032 quo-¹

305 1062 367 1140 vis
406 1059 582 1159 sinistro,
612 1079 683 1140 aut
715 1057 879 1138 insolito
917 1084 1012 1140 casu
1045 1060 1347 1142 intervenientes

304 1198 477 1289 Pustulae
506 1195 715 1288 interdum
735 1195 804 1274 vix
832 1195 998 1278 diversae
1024 1195 1195 1280 fuerunt
1217 1198 1269 1278 ab
1298 1197 1347 1278 iis

140 1353 170 1398 ·'
304 1361 396 1443 quse
424 1335 470 1414 in
499 1333 771 1414 mediocribus
796 1325 956 1414 variolis
984 1331 1165 1441 conspici
1193 1337 1349 1434 solents

302 1491 481 1554 attamen
495 1487 637 1553 earum
651 1471 865 1552 interstitia
876 1489 1015 1552 notata
1028 1472 1198 1553 fuerunt
1208 1499 1347 1553 macua

301 1611 351 1692 lis
363 1611 548 1690 rotundis
561 1609 788 1716 purpureis,
802 1631 842 1690 et
854 1609 972 1717 tertio
986 1608 1052 1690 die
1064 1611 1116 1690 ab
1128 1609 1238 1691 exitu
1249 1635 1349 1718 pura

301 1749 483 1830 tularum
502 1747 598 1852 aegri
616 1745 782 1828 extincti
802 1769 909 1828 sunt

354 1885 485 1990 Supra
500 1897 773 1964 memoratum
787 1903 846 1966 est
861 1877 972 1964 virus
985 1875 1234 1964 variolosum
1248 1907 1342 1990 proa

301 2022 432 2129 priam
462 2021 609 2100 habere
629 2021 715 2100 vim
744 2043 953 2102 menstrua
971 2020 1189 2120 movendi3
1219 2041 1341 2128 atque

297 2157 497 2239 hinc'fieri
509 2179 650 2264 potest,
663 2159 775 2264 quod
787 2158 962 2264 gravidas
975 2158 1339 2266 varioliscorreptae

298 2296 483 2402 septimo,
511 2295 574 2374 vel
593 2317 734 2374 octavo
763 2295 828 2375 die
855 2296 907 2376 ab
935 2295 1053 2376 initio
1083 2295 1339 2400 pustularum

296 2435 538 2542 plerumque
563 2433 755 2514 abortum
784 2433 948 2527 faciant,
975 2455 1015 2515 et
1034 2432 1141 2512 intra
1160 2431 1338 2511 biduum

261 2573 263 2580 ’
294 2571 531 2651 triduumve
558 2569 796 2651 moriantur.
856 2573 992 2650 Foetus
1013 2569 1069 2651 sic
1098 2569 1213 2652 elisos
1234 2597 1335 2676 saepe

182 2785 187 2792 .
296 2709 589 2814 contemplatus
618 2735 711 2788 sum
744 2697 1032 2790 attentissime:
1063 2707 1167 2788 cutis
1192 2719 1340 2790 eorum

232 2839 250 2910 ί
295 2845 377 2926 fuit
401 2844 584 2924 multum
609 2865 779 2944 mutata,
807 2844 873 2925 hic
900 2843 1071 2926 obscure
1090 2843 1227 2944 rubra,
1254 2844 1335 2925 illic·
1410 2939 1413 2944 ,
1500 2871 1501 2878 ‘

293 3007 509 3090 purpurea,
528 3003 567 3062 et
589 2979 635 3060 iu
661 2981 911 3087 quibusdam
938 2981 1034 3061 locis
1050 2981 1160 3062 color
1172 2979 1255 3062 fuit
1267 3007 1334 3088 pe*

294 3147 347 3199 ne
366 3119 575 3198 naturalis:
597 3117 667 3198 sed
678 3143 895 3224 nunquam
910 3118 1027 3229 potui
1038 3115 1332 3224 deprehendere

294 3258 358 3337 vel
376 3257 550 3336 minima
568 3254 735 3360 vestigia
755 3256 1012 3361 pustularum
1031 3245 1330 3336 variolosarums

293 3392 506 3505 Quasdam
523 3393 645 3473 'etiam
668 3393 851 3498 gravidas
871 3391 1022 3492 curari,
1046 3416 1139 3498 qua
1159 3391 1327 3474 variolas

290 3551 459 3638 expertae
471 3551 580 3631 sunt,
590 3551 631 3610 et
644 3557 728 3610 non
736 3529 918 3611 fecerunt
927 3529 1131 3629 abortum,
1144 3529 1212 3609 sed
1217 3529 1331 3635 justo

194 3768 198 3776 1
289 3681 470 3775 tempore
484 3687 737 3774 pepererunt:
767 3685 808 3748 at
821 3685 954 3774 neque
968 3651 1013 3746 in
1027 3665 1091 3746 his
1103 3665 1329 3765 infantibus

194 3802 197 3810 ’
288 3808 389 3887 ullas
402 3807 658 3912 pustularum
670 3805 868 3886 cicatrices
880 3787 989 3903 vidi3
1008 3805 1112 3910 quin
1126 3804 1332 3886 atestib'us'

287 3943 370 4025 fide
399 3923 538 4058 ⁴dignis
571 3943 703 4049 accepi
736 3963 879 4022 eorum
916 3941 1135 4024 nonnullos
1151 3931 1330 4023 ‘emiolia'

288 4103 425 4190 postea
460 4080 586 4162 fuisse
620 4086 803 4194 tentatos.
862 4079 1002 4160 Incisa
1024 4081 1326 4180 adolescentula

287 4220 494 4318 cadavera?
517 4241 608 4326 qua
627 4217 787 4298 various
818 4201 1121 4300 confluentibus
1142 4216 1330 4324 perierat,¹

282 4359 447 4458 uiscera
472 4375 514 4440 et
544 4377 674 4464 partes
702 4357 889 4463 torporis
917 4355 1127 4439 interiores
1157 4333 1332 4437 'attenua'-
