3050 5084
677 410 775 544 s‘sr

199 643 313 730 culo·
334 671 482 755 parum
514 645 778 748 conveniunt,
818 667 859 728 et
891 671 1051 728 acorem
1082 667 1242 753 augent.

197 783 319 864 Porus
348 781 466 884 acidi,
505 805 648 892 praeter
677 781 927 890 opinionem,
952 791 1053 864 'non
1086 806 1243 890 semper
1366 803 1369 813 ·

199 940 350 1001 nocent
376 917 440 1000 his
460 919 603 1026 aegris3
632 945 935 1026 nonnunquam
954 920 1076 1001 etiam
1095 920 1245 1002 auxilio

198 1075 308 1136 sunt.
338 1055 547 1155 Vomitus,
564 1075 605 1138 et
618 1083 724 1163 aqua
743 1055 978 1155 Bathonica,
996 1055 1082 1136 aliis
1103 1053 1246 1164 profu·

197 1213 332 1294 erunt,
350 1191 436 1274 aliis
455 1191 623 1274 suerum
642 1217 898 1300 supervacua.
939 1175 1073 1272 Pulvis
1093 1219 1115 1274 e
1131 1192 1244 1274 testis

197 1327 388 1438 piscium,
401 1349 441 1412 et
452 1327 736 1428 rhabarbarus,
746 1327 987 1436 plerumque
992 1327 1151 1434 juvant
1172 1329 1246 1410 Als

199 1494 277 1550 vus
296 1465 456 1548 astricta
474 1491 631 1572 semper
647 1486 706 1548 est
725 1465 863 1546 aliena.
913 1464 1110 1566 Foemina,
1128 1465 1244 1572 cnjus

184 1601 449 1686 ¹ventriculus
474 1601 717 1684 indomabili
735 1628 849 1684 acore
868 1598 1128 1704 afficiebatur,
1155 1628 1244 1684 om-

199 1737 359 1848 nigenis
378 1737 680 1822 medicamentis
695 1738 869 1840 tentatis,
887 1737 1055 1820 tandem
1068 1737 1131 1821 his
1142 1739 1251 1820 duo--

200 1877 281 1960 bus
292 1875 481 1960 contenta
490 1875 748 1984 fuit3nempe
756 1875 926 1983 'singulis
935 1877 1088 1976 auroris
1100 1878 1247 1960 sumsit

202 2035 399 2098 testarum
421 2035 650 2096 ostreorum
666 2011 712 2094 in
730 2012 939 2120 pulverem
958 2012 1246 2094 tenuissimum

202 2149 470 2236 munitarum
502 2147 683 2249 unciam,
710 2149 879 2258 singulis
913 2171 1050 2231 autem
1072 2149 1245 2258 vesperis

204 2267 411 2370 vomitum
422 2285 554 2369 movit
567 2311 638 2394 per
652 2313 802 2394 aquam
813 2285 1006 2396 tepidam,
1019 2287 1134 2393 cujus
1145 2313 1247 2402 ton·
1275 2277 1278 2288 ’

203 2423 321 2534 gium
335 2421 491 2530 partitis
501 2421 714 2506 haustibus
727 2421 902 2506 bibebat.
932 2423 1025 2526 His,
1037 2423 1188 2531 quibus
1200 2425 1246 2506 in

202 2559 354 2642 multos
369 2585 495 2642 annos
514 2587 588 2642 usa
604 2579 676 2659 est,
703 2585 796 2641 acor
814 2558 1072 2668 aliquantum
1090 2560 1243 2642 levatus

203 2717 278 2798 est,
303 2715 344 2780 et
372 2693 561 2782 valetudo
593 2695 839 2806 caeteroquin
872 2723 957 2777 non
985 2695 1068 2780 fuit
1089 2695 1247 2802 incnm»
1306 2731 1308 2738 ¹

205 2833 340 2916 moda.
398 2833 503 2914 Rhei
532 2832 654 2926 etiam
678 2861 805 2940 pauca
822 2859 949 2942 grana
966 2813 1119 2941 adjecta
1136 2857 1247 2938 sunt,

206 2967 364 3079 quoties
384 2969 496 3052 alvus
516 2969 641 3076 coepit
659 2997 741 3050 esse
760 2969 923 3051 tardior.
1064 3075 1066 3080 Ι

258 3105 407 3188 Sensus
426 3105 578 3188 ardoris
597 3104 845 3214 injucundus
859 3133 956 3187 cum
970 3132 1085 3188 acore
1095 3105 1247 3189 ventri

143 3275 148 3286 ·
206 3242 291 3328 culi
315 3239 404 3326 fieri
421 3241 654 3342 consuevit3
682 3264 723 3324 et
740 3241 946 3326 interdum
964 3243 1155 3326 molestus
1174 3267 1248 3346 est,
1381 3287 1386 3298 ,

206 3371 448 3490 quanquam
465 3379 602 3460 nulius
621 3377 746 3462 fuerit
763 3405 866 3461 acor.
911 3379 1246 3490 Remediahujus

206 3515 307 3600 maii
335 3513 433 3599 sunt
463 3514 547 3598 fere
579 3516 733 3618 eadem,
770 3545 815 3598 ac
847 3515 1073 3622 superioris.
1137 3519 1247 3626 Saepe

208 3629 375 3764 quoque
390 3652 502 3734 haud
515 3653 652 3734 minus
668 3675 810 3735 sanatu
824 3651 985 3734 difficile
998 3677 1068 3736 est.
1116 3655 1248 3737 Simul

207 3790 418 3874 interdum
436 3811 660 3870 nascuntur
678 3789 893 3896 singultus,
911 3812 1063 3892 ructus,
1082 3812 1121 3872 et
1139 3791 1249 3872 inso-

208 3927 305 4012 litus
322 3929 453 4010 salivae
472 3953 626 4010 cursus.
657 3926 794 4010 Ardor
807 3927 1021 4010 ventriculi
1036 3955 1137 4034 saepe
1154 3926 1249 4010 fati-

206 4085 278 4174 gat
304 4063 503 4172 gravidas,
538 4085 580 4148 et
614 4089 701 4145 non
737 4089 827 4146 raro
847 4063 997 4146 accedit
1016 4063 1218 4146 arthritidi
1230 4100 1244 4168 3

209 4225 345 4312 utque
372 4197 519 4290 icterus
552 4225 708 4312 semper
736 4199 789 4286 ab
818 4228 867 4287 eo
895 4199 997 4286 liber
1019 4220 1089 4287 est.
1146 4201 1248 4296 Hac
