3002 5086
633 451 729 562 177

208 649 378 732 Dolores
397 651 620 735 cruciantes
646 655 692 736 in
709 657 841 756 utero,
860 657 982 759 coxis,
1010 680 1049 741 et
1067 659 1197 742 femo-

153 785 282 889 ribus,
309 817 408 870 cum
426 787 631 897 profluvio
660 816 829 875 cruento
855 815 895 874 et
923 797 1095 896 sanioso,
1123 799 1197 906 qui

150 947 377 1006 nascuntur
394 953 443 1007 ex
454 929 699 1011 ulceratione
714 931 777 1012 vel
792 931 1060 1014 carcinomate
1078 937 1198 1039 uteri,

150 1061 245 1142 satie
264 1063 526 1172 distinguunt
544 1063 618 1148 bos
639 1065 803 1150 affectus
823 1097 847 1150 a
866 1065 995 1153 fluore
1014 1071 1118 1154 albo.

469 1273 875 1324 *ι--ἫΞ

576 1435 682 1516 Cae.
705 1423 772 1515 42.

206 1597 276 1680 De
299 1597 546 1682 Gooorrlzoea
565 1600 669 1694 miti,
685 1627 752 1680 serr
772 1599 916 1684 Flnore
939 1597 1135 1702 Uretlrrae.

162 1817 164 1822 -
206 1761 523 1843 Gouonrtrrma
545 1761 655 1841 mitis
676 1759 720 1840 in
740 1761 836 1842 viris
856 1763 999 1846 similis
1017 1791 1077 1850 est
1098 1797 1192 1876 pro-

146 1893 279 1980 fluvio
294 1899 387 1980 albo
402 1897 674 1982 foeminarum
686 1925 783 1979 cum
802 1921 961 2002 natura,
979 1925 1072 1984 tum
1087 1925 1191 2013 qu'o·
1277 1911 1279 1914 ’

148 2061 231 2142 que
246 2035 465 2116 curatione.
526 2033 741 2146 Quicquid
755 2019 893 2143 it'aque
904 2037 955 2118 de
969 2040 1093 2121 altero
1108 2043 1193 2126 dic-

144 2192 241 2252 tum
259 2194 332 2273 est,
358 2173 442 2254 fere
461 2198 578 2280 aequo
591 2173 685 2278 jure
704 2173 756 2252 ad
775 2175 941 2256 alteram
959 2179 1188 2284 pertinebit.

147 2308 406 2416 Hujusmodi
425 2309 609 2391 debilitas
629 2311 761 2390 multo
781 2311 908 2394 rarior
927 2337 986 2396 est
1016 2315 1061 2395 in
1080 2317 1192 2420 viris,
1276 2300 1278 2308 ⁵

147 2474 278 2553 quam
304 2447 351 2526 in
372 2445 584 2548 foeminis;
613 2469 653 2528 et
681 2446 862 2552 profecto
881 2449 950 2528 vix
979 2453 1190 2558 reperitur,

144 2583 227 2666 nisi
259 2581 335 2664 ubi
372 2583 538 2664 initium
568 2583 756 2664 habuerit
785 2583 837 2664 ab
868 2583 1191 2694 intemperantia,

145 2741 220 2802 aut
250 2721 405 2802 morbis
430 2719 612 2800 Veneris.
671 2719 738 2800 Bia
775 2743 911 2801 autem
946 2744 1054 2808 terve
1088 2730 1192 2810 acci-

145 2857 257 2938 disse
279 2855 465 2958 memini,
491 2879 540 2938 ut
567 2857 670 2938 ictus
697 2855 974 2940 vehementior
1002 2888 1189 2972 exceptus

146 2993 274 3075 fuerit
295 2991 499 3100 profluvio
529 2994 691 3100 copioso
720 3018 759 3075 et
784 2997 973 3098 colorato,
1001 3027 1072 3104 per
1101 3030 1190 3082 om·

147 3131 217 3211 nia
245 3128 439 3210 referente
467 3127 630 3211 fluxum
657 3130 830 3212 urethrae
849 3131 1096 3234 Venereum‚
1123 3163 1190 3217 ex-

148 3291 263 3378 cepto
292 3263 405 3375 quod
423 3267 560 3374 paucis
585 3267 728 3350 diebus
759 3297 831 3348 sua
851 3290 992 3374 sponte
1020 3253 1189 3356 finitum

149 3405 211 3486 sit.

201 3542 270 3622 Ad
288 3539 399 3624 hunc
423 3542 619 3624 morbum
639 3554 729 3622 raro
745 3543 808 3622 vel
823 3569 1044 3651 nunquam
1061 3547 1190 3628 medi-

147 3703 331 3762 camenta
348 3679 393 3760 in
414 3679 625 3762 urethram
646 3679 813 3760 infundi
832 3681 1007 3783 debent;
1037 3685 1189 3792 quippe

147 3815 301 3898 horum
319 3847 443 3899 usum
459 3817 717 3916 crebriorem,
737 3839 829 3898 tum
844 3801 1043 3925 praecipue
1063 3822 1189 3902 acrio·
1276 3796 1282 3816 ’

146 3981 256 4054 rum,
276 3953 397 4035 multi
416 3982 502 4036 non
520 3953 670 4061 injuria
689 3955 878 4061 suspicati
898 3980 995 4038 sunt
1014 3959 1190 4064 primam

145 4091 301 4172 dedisse
314 4091 662 4174 occasionemistis
672 4092 793 4192 vitiis,
806 4093 883 4174 sub
897 4093 1048 4201 quibus
1061 4096 1190 4176 urinae

146 4225 222 4309 iter
233 4227 520 4310 intercluditur
532 4227 600 4328 sic,
611 4249 659 4308 ut
671 4229 757 4308 sine
769 4257 931 4310 summa
942 4225 1191 4338 difficultate,
1300 4249 1302 4255 '

148 4385 187 4444 et
199 4364 268 4446 vix
283 4365 441 4474 patibili
453 4365 603 4466 dolore,
618 4392 663 4447 ea
678 4363 792 4448 reddi
805 4393 889 4447 non
904 4367 1040 4475 possit.
1090 4369 1191 4450 Haec

672 4524 704 4587 N
