3016 5076
822 449 891 556 64
994 493 1028 540 κ

326 671 545 754 abluantur
559 683 668 776 aqua
685 665 833 775 tepida,
860 687 901 750 et
919 685 967 748 ut
979 691 1141 774 pannus
1158 689 1363 774 unguento

328 809 467 916 aliquo
486 806 566 888 leni
596 804 802 888 delibutus
831 802 1128 910 interponatur,
1159 829 1211 884 ne
1239 817 1362 912 partes

325 945 557 1026 exulcerata
577 943 640 1024 vel
663 940 742 1023 sibi
759 939 938 1022 invicem
956 939 1278 1048 agglutinentur,
1302 939 1363 1024 vel

327 1078 505 1162 haereant
522 1078 714 1160 vestibus.

382 1213 596 1298 Interdum
609 1242 724 1298 aures
738 1213 846 1296 intra
861 1241 902 1296 se
917 1212 1012 1322 ipsa
1032 1241 1173 1296 sonare
1191 1241 1364 1322 perseve-

327 1374 471 1436 rarunt
495 1354 647 1434 multos
670 1378 813 1452 annos,
841 1349 940 1433 adeo
958 1371 1007 1434 ut
1024 1377 1158 1460 neque
1176 1350 1361 1434 attentius

325 1489 500 1596 cogitare
511 1488 645 1570 liceret
656 1487 849 1586 interdiu,
866 1514 999 1594 neque
1013 1509 1140 1570 noctu
1151 1486 1363 1596 tranquille

322 1623 521 1725 dormire;
549 1647 687 1724 tamen
701 1624 787 1705 sine
801 1623 1009 1724 surditate,
1036 1645 1108 1706 aut
1126 1625 1206 1706 alio
1221 1624 1362 1733 quovis

325 1762 446 1842 malo.
505 1761 718 1844 Interdum
736 1787 832 1842 vero
850 1759 1023 1842 tinnitus
1043 1760 1208 1844 aurium
1228 1791 1251 1842 a
1277 1788 1363 1868 gra?

326 1899 430 1980 riori
448 1927 568 1980 causa
583 1883 728 1999 oritur,
753 1919 794 1979 et
812 1905 951 1980 secum
968 1895 1093 1980 trahit
1110 1899 1260 1984 mentis
1279 1924 1361 2006 per-

323 2036 614 2136 turbationem,
638 2033 890 2136 surditatem,
914 2034 1152 2136 caecitatem,
1174 2036 1360 2120 defectio-

325 2199 422 2254 nem
450 2172 614 2272 animae,
645 2171 899 2277 vertiginem,
935 2171 1199 2274 oblivionem,
1237 2175 1362 2256 levem

324 2309 472 2394 mentis
488 2308 782 2410 alienationem,
799 2308 1048 2420 epilepsiam,
1065 2311 1283 2421 paralysin,
1296 2331 1362 2392 aut
1483 2341 1484 2358 ¹

274 2506 276 2512 ·
324 2447 586 2555 apoplexiam.
645 2447 821 2528 Gummi
846 2447 1005 2550 foetida,
1031 2443 1188 2556 opium,
1219 2471 1261 2531 et
1281 2477 1361 2532 em·

323 2587 470 2693 plastra
486 2615 577 2694 quae
592 2583 767 2666 erodunt
777 2583 856 2666 sub
870 2584 965 2690 ipsis
980 2585 1147 2668 auribus
1163 2587 1360 2695 imposita,

324 2723 441 2806 radix
466 2723 675 2805 valerianae
705 2721 922 2831 sylvestris,
953 2723 1135 2828 pulverea
1166 2745 1359 2806 sternuta·

315 2881 462 2942 menta
489 2880 713 2960 moventes,
743 2855 855 2940 hunc
874 2853 1065 2940 affectum
1083 2859 1292 2942 interdum
1309 2861 1360 2941 le-

323 3019 433 3097 vant,
461 3023 547 3078 non
566 3023 724 3103 semper
740 2996 923 3077 vincunt.

377 3135 531 3243 Capite,
550 3135 614 3218 vel
627 3161 737 3236 aure,
764 3133 1040 3224 vehementius
1055 3134 1149 3238 icto,
1176 3135 1242 3220 bis
1255 3159 1359 3230 terve

321 3273 510 3356 accidisse
537 3271 649 3372 novi,
680 3293 729 3352 ut
748 3299 853 3380 aqua
878 3273 1009 3368 multa
1025 3301 1075 3354 ex
1093 3301 1188 3354 aure
1207 3272 1359 3372 flueret,

321 3411 447 3491 modo
462 3409 622 3516 pallida,
639 3407 764 3492 modo
779 3431 958 3511 cruenta,
976 3411 1174 3520 praecipue
1188 3411 1224 3492 si
1241 3429 1358 3520 caput
1481 3455 1482 3522 3

221 3625 226 3636 ,
260 3553 262 3560 ’
319 3548 592 3629 inclinaretur.
649 3547 770 3628 Unus
789 3573 839 3628 ex
856 3545 920 3626 hia
940 3547 1054 3655 aegris
1080 3548 1218 3630 retulit
1245 3545 1358 3646 mihi,

240 3751 247 3770 .
318 3681 431 3766 haud
439 3683 576 3766 minus
585 3683 867 3792 quamlibram
877 3681 999 3790 hujus
1009 3709 1144 3790 aquae,
1156 3709 1356 3791 quantum

318 3819 539 3928 conjectare
558 3842 703 3928 posset,
731 3847 780 3900 ex
798 3847 894 3902 aure
915 3819 1098 3927 quotidie
1116 3817 1329 3904 effluxisse.

374 3958 550 4066 Polypus
579 3984 664 4038 non
694 3957 830 4037 solum
854 3957 900 4038 in
928 3955 1109 4058 naribus,
1144 3959 1215 4040 sed
1237 3958 1358 4041 intet-

318 4091 422 4174 dum
440 4095 563 4175 etiam
581 4095 627 4176 in
644 4093 813 4176 auribus
832 4095 1022 4176 nascitur.
1178 4194 1179 4204 Ν

370 4231 579 4332 Surditati,
609 4259 700 4340 quae
719 4258 817 4314 cera
837 4233 1002 4314 aurium
1020 4231 1218 4316 indurata
1235 4231 1353 4315 debe·

314 4388 397 4470 tur,
424 4367 655 4453 medebitur
669 4395 776 4482 aqua
789 4393 838 4454 ex
857 4365 1029 4455 floribus
1048 4366 1352 4456 chamaemeliin
1479 4373 1480 4400 ³
