3016 5076
355 695 440 760 non
452 699 566 784 posse
579 671 824 773 viderentur,
842 693 958 754 metu
969 672 1108 756 subito
1123 669 1314 778 incendii,
1327 701 1397 766 aut

352 811 548 910 hostium,
566 809 750 918 perculsi,
767 809 875 891 illico
890 809 1007 891 obliti
1025 833 1122 892 sunt
1135 811 1337 921 podagrae,
1355 837 1395 898 et

349 947 447 1029 satis
466 949 620 1054 agiliter
640 975 680 1028 se
698 947 743 1028 in
761 942 905 1054 fugam
927 946 1194 1054 conjecerunn

406 1085 567 1164 Nollem
597 1083 759 1164 laudare
785 1078 954 1164 Harreii
972 1085 1217 1191 exemplum,
1245 1105 1285 1168 et
1303 1085 1390 1170 aliis

347 1220 401 1302 ad
413 1219 660 1302 imitandum
672 1247 916 1326 proponere;
932 1219 1120 1326 quamvis
1132 1221 1184 1302 ad
1197 1223 1392 1330 octogesia

347 1385 467 1438 mum
486 1383 642 1436 annum
657 1355 813 1457 vixerit,
831 1377 871 1438 et
885 1383 970 1436 non
984 1377 1069 1436 tarn
1081 1357 1241 1459 morbo,
1261 1387 1390 1466 quarn

346 1517 549 1576 senectute
577 1493 777 1576 extinctus
808 1492 870 1574 sit.
928 1493 1087 1574 Tamen
1105 1519 1191 1574 non
1208 1496 1388 1604 comperi

343 1629 609 1738 ilios'aegrotos
619 1631 722 1711 male
731 1629 809 1710 sibi
819 1628 1078 1730 consuluisse,
1090 1629 1164 1737 qui
1172 1651 1309 1712 artum
1320 1659 1388 1714 ers

343 1769 549 1850 ercitando
571 1766 845 1874 impedierunt
864 1795 949 1874 quo
967 1766 1105 1848 minus
1125 1767 1304 1850 arthritis
1323 1769 1384 1852 ibi

343 1904 479 1985 sedem
495 1931 612 1985 suam
631 1901 780 2009 figeret.
839 1903 1051 2010 Siquidem
1069 1903 1239 1985 accessio
1258 1905 1385 2012 poda·

341 2065 423 2148 grae
439 2065 574 2121 revera
585 2040 637 2120 sit
650 2039 827 2146 corporis
844 2040 1032 2146 quadam
1046 2041 1291 2142 exoneratio,
1310 2069 1383 2149 per

342 2203 469 2286 quam
484 2177 649 2258 materia
663 2177 904 2258 morborum
912 2175 1001 2283 jam
1016 2203 1381 2260 summeaccumu·

338 2311 535 2394 lataforas
548 2312 799 2419 projiciatur,
817 2313 891 2420 qui
903 2311 964 2412 fit,
974 2333 1022 2393 ut
1034 2313 1379 2396 medicamentum

338 2475 515 2557 purgans
533 2477 666 2530 moxa
684 2449 909 2531 decessione
927 2450 1012 2556 ejus
1033 2471 1232 2551 sumtum,
1259 2451 1375 2532 toties

336 2581 475 2666 fecerit
489 2585 683 2666 morbum
697 2586 982 2686 recrudescere,
999 2607 1038 2668 et
1055 2586 1145 2692 pari¹
1160 2585 1376 2668 vehemena

334 2720 405 2822 tie,
423 2749 468 2802 ac
483 2743 596 2824 ante,
607 2722 762 2805 saevirei
784 2723 911 2836 Quod
926 2744 974 2803 ut
987 2722 1044 2804 ita
1058 2723 1123 2824 sit,
1140 2751 1221 2804 usu
1234 2723 1376 2830 cogni-

270 2941 273 2958 ,
335 2879 585 2941 tumestnon
597 2859 1376 2970 mihisolum,sedetaliismedicis,quo·

221 3041 227 3066 κ
333 3019 429 3078 rum
441 2997 631 3079 autoritas
643 3019 682 3078 et
693 3019 764 3097 est,
775 3019 902 3080 etesse
913 2997 1045 3098 debet,
1057 3025 1231 3079 summa.
1256 2997 1370 3078 Idem

331 3159 499 3242 quoque
513 3135 721 3216 interdum
734 3135 880 3234 evenit,
902 3135 977 3216 ubi
990 3135 1226 3216 membrum
1241 3135 1293 3216 ab
1307 3161 1371 3216 ar-

330 3270 496 3354 thritide
509 3271 597 3378 jam
612 3273 901 3372 convalescens,
929 3271 1015 3352 ictu
1029 3271 1178 3378 aliquo,
1197 3292 1269 3352 aut
1287 3271 1369 3356 dis·

329 3407 516 3508 tortione,
551 3429 622 3490 aut
653 3408 776 3489 etiam
797 3407 935 3490 culicis
959 3408 1193 3514 punctione,
1224 3408 1368 3490 laesum

326 3541 462 3625 fuerit.
494 3543 608 3657 Quae
628 3569 688 3626 res
708 3567 812 3626 certe
825 3542 993 3644 faciunt,
1018 3564 1067 3624 ut
1082 3569 1184 3650 aegre
1195 3543 1366 3651 intelligi
1490 3613 1491 3616 r

325 3679 452 3787 possit
469 3679 653 3762 doctrina
678 3679 728 3763 de
747 3679 962 3762 arthriticae
983 3679 1164 3760 materiae
1184 3681 1368 3782 cumulo,

324 3816 392 3898 cui
410 3815 533 3924 hujus
552 3817 688 3900 morbi
707 3817 946 3900 accessiones
962 3815 1207 3900 tribuantur.

379 3953 561 4062 Plerique
590 3981 639 4034 ex
660 3953 752 4054 iilis,
783 3953 857 4062 qui
875 3951 1017 4036 forent
1034 3952 1271 4061 podagram,
1298 3979 1376 4070 cna·

321 4113 499 4198 rentque
508 4089 969 4198 nequideammaturrus
979 4109 1247 4190 summoveat,
1260 4115 1364 4198 sape

320 4227 499 4310 vestiunt
513 4249 624 4308 arms
637 4227 794 4334 ingenti
808 4251 1042 4336 pannomm
1060 4225 1273 4307 laneorum
1290 4253 1362 4333 ap-

318 4384 483 4473 parato,
511 4366 634 4452 etiam
663 4365 742 4451 sub
761 4365 854 4450 coeli
873 4363 1064 4474 temperie
1092 4361 1360 4464 calidissimae
1488 4317 1489 4447 i
