3050 5084
814 380 918 562 sss

766 760 963 842 cin-82

775 950 841 1028 De
861 949 949 1028 Siti.

397 1099 519 1192 Srrrs
541 1104 787 1208 insedabilis,
815 1133 901 1188 non
921 1127 1032 1188 secus
1062 1133 1108 1187 ac
1127 1105 1323 1214 hydrops,
1347 1117 1385 1186 et

340 1244 532 1346 diabetes,
547 1245 700 1351 quibus
720 1273 820 1352 saepe
840 1245 1004 1344 accedit,
1024 1245 1092 1324 vix
1111 1243 1198 1352 ipsa
1215 1245 1384 1324 morbus

340 1381 513 1464 dicenda
531 1405 602 1482 est,
621 1405 758 1463 tamen
778 1409 870 1496 raro
883 1381 993 1462 deest
1018 1381 1258 1487 intersigna
1277 1395 1387 1460 mor'·

340 1519 494 1600 borum
531 1519 865 1626 periculosorum,
903 1537 974 1599 aut
1007 1491 1386 1617 immedicabilium,

237 1753 240 1762 ,
342 1657 495 1764 quibus
516 1657 667 1737 viscera
690 1653 920 1736 abdominis
941 1665 1151 1762 urgentur.
1209 1655 1385 1736 Morbus

341 1815 450 1893 vero,
499 1793 573 1902 qui
611 1795 734 1876 etiam
762 1795 974 1876 hominem
1019 1793 1185 1876 tandem
1227 1793 1387 1892 occidit,

340 1931 551 2014 interdum
579 1953 665 2014 tarn
684 1934 789 2013 lente
818 1933 971 2032 crescit,
1000 1955 1047 2012 ut
1066 1953 1183 2042 aeger'
1197 1947 1284 2046 non
1307 1931 1385 2011 nisi

341 2067 518 2150 triennio
548 2089 639 2174 post
658 2071 894 2169 occumbat3
924 2091 963 2150 et
988 2089 1075 2150 toto
1098 2067 1177 2148 hoc
1205 2085 1386 2174 tempore

277 2215 280 2290 ἶ
341 2201 455 2314 pejus
475 2209 675 2289 multatur
695 2209 774 2308 siti,
803 2185 930 2314 quam
949 2230 1019 2288 aut
1046 2203 1172 2307 febre,
1191 2228 1263 2287 aut
1281 2201 1386 2288 diffi-

342 2345 490 2426 cultate
510 2338 703 2452 spirandi,
722 2367 793 2426 aut
807 2345 948 2445 macie,
966 2367 1037 2426 aut
1056 2343 1275 2446 debilitate,
1294 2369 1384 2451 quae

342 2481 388 2562 in
407 2482 609 2590 plerisque
628 2483 752 2563 simul
771 2479 889 2562 fiunt.
1013 2513 1017 2526 ·

403 2621 474 2699 Est
501 2619 639 2725 itaque
659 2621 931 2700 metuendum
950 2615 1028 2700 hoc
1054 2621 1226 2718 malum,
1252 2615 1385 2724 neque

341 2773 480 2836 tamen
499 2748 656 2863 semper
674 2755 945 2836 mortiferum.
986 2755 1150 2837 Etenim
1164 2755 1384 2852 morbus‚a

342 2917 428 2999 quo
440 2891 602 2998 pendet,
618 2917 859 2999 quanquam
875 2893 1090 2999 saepissime
1103 2891 1242 2970 omnia
1256 2889 1384 2971 medi·

225 3133 231 3142 Ι
342 3049 526 3108 cementa
553 3030 703 3130 vincat,
731 3047 866 3124 tamen
895 3027 1105 3110 interdum
1134 3025 1320 3126 solvitur,
1346 3047 1383 3106 et

343 3185 446 3270 aeger
465 3165 649 3270 assurgit.
707 3159 866 3246 Verum
886 3166 959 3247 ubi
980 3165 1129 3246 sitium
1149 3187 1208 3244 est
1226 3163 1384 3243 insana-

342 3299 437 3398 bile,
454 3299 531 3380 hoc
552 3329 718 3409 quoque
745 3303 915 3404 malum,
944 3301 1047 3418 siout
1066 3301 1142 3381 alia
1170 3301 1221 3380 ab
1241 3299 1382 3380 eodem
1435 3287 1444 3356 ὲ

206 3485 210 3496 ·
341 3433 456 3517 fonte
474 3438 661 3540 oriunda,
690 3439 825 3520 minui
845 3439 1014 3547 quidem
1044 3461 1084 3520 et
1102 3437 1219 3520 leniri
1242 3457 1382 3544 potest,

222 3622 225 3628 ·
341 3571 410 3652 vix
439 3595 575 3656 autem
594 3603 643 3656 ex
662 3599 748 3656 toto
776 3575 1037 3668 summoveri.
1096 3574 1189 3656 Sitis
1206 3573 1296 3654 ¹nisa
1324 3589 1380 3652 est

342 3711 482 3816 augeri
499 3712 544 3792 in
563 3713 611 3792 iis
632 3713 705 3822 qui
724 3715 878 3822 poculis
896 3715 1123 3822 indulgent,
1142 3733 1183 3793 et
1201 3711 1381 3820 aliquan-

342 3867 435 3928 tum
468 3849 591 3942 levari
620 3873 832 3935 momento
866 3854 955 3936 salis
989 3853 1086 3934 nitri
1116 3851 1269 3958 linguae
1307 3849 1379 3930 im·
1437 3877 1443 3913 ε

340 3985 486 4092 ροείῑο.
1425 3963 1430 3978 ’
