2990 5078
655 453 753 560 119

181 645 380 742 debilitate
399 659 685 767 glandularum
695 696 707 761 3
737 661 800 742 vel
819 687 867 742 ex
886 659 1137 744 abundantia
1155 661 1218 744 ni-

182 799 260 894 mia
286 797 485 900 humoris,
514 799 589 909 qui
608 799 683 878 hac
702 798 768 878 via
793 797 1122 880 commodissime
1150 829 1217 880 ex·

141 941 144 946 '
179 935 335 1042 pellitur
342 970 354 1036 3
384 936 448 1015 vel
481 935 658 1043 denique
695 963 744 1018 ex
772 935 918 1041 pituita
946 935 1060 1016 tenui
1093 959 1215 1048 atque

177 1071 267 1172 acri,
287 1099 383 1178 quae
399 1073 536 1152 oculos
556 1071 654 1152 facit
672 1071 899 1174 debiliores,
917 1100 1032 1153 nares
1048 1071 1099 1182 ad
1118 1072 1213 1153 assi-

175 1208 253 1288 dua
267 1231 585 1294 sternutamenta
598 1209 741 1310 irritat,
760 1209 1012 1290 tracheamve
1027 1209 1078 1290 ad
1093 1210 1214 1290 tussi-

173 1345 327 1426 endum
345 1373 444 1426 cum
462 1346 668 1446 raucitate,
686 1344 790 1430 dum
817 1345 901 1424 istae
922 1367 1051 1452 partes
1070 1373 1211 1426 omnes

170 1481 311 1564 leniter
319 1483 460 1563 dolent
472 1509 556 1564 uon
566 1483 651 1564 sine
659 1481 838 1590 quadam
849 1483 988 1588 capitis
1003 1483 1208 1588 gravitate.

175 1619 390 1730 Quamdiu
410 1619 622 1700 destillatio
652 1620 788 1700 oculos
809 1641 985 1720 tantum,
1013 1647 1209 1730 naresque

170 1753 344 1853 infestat,
365 1757 450 1836 sine
470 1756 570 1836 tussi
590 1777 666 1837 ast:
697 1755 810 1864 quod
830 1758 863 1836 si
888 1756 1090 1862 glandulis
1111 1785 1206 1870 quae

169 1891 213 1986 in
226 1892 415 1974 faucibus
428 1916 524 1992 sunt
535 1893 719 1994 insideat,
733 1915 825 1974 tum
840 1920 925 1978 non
940 1894 1074 1994 solum
1088 1893 1207 1974 tussis

170 2029 242 2110 erit
267 2030 504 2136 importuna
523 2030 714 2129 interdiu,
742 2029 811 2124 sed
831 2052 993 2128 tantum
1021 2030 1206 2112 humoris

169 2189 293 2248 noctu
312 2167 531 2248 destillabit
548 2189 588 2248 et
615 2167 839 2272 colligetur,
866 2189 914 2246 ut
933 2193 1036 2273 aeger
1063 2168 1206 2250 excite-

168 2325 274 2384 ture
293 2331 440 2386 somno
458 2303 541 2385 fere
561 2303 846 2408 strangulatus,
864 2331 937 2386 nec
951 2305 1036 2386 sine
1055 2331 1205 2411 magno

168 2442 383 2524 certamine
412 2441 574 2547 spiritus
595 2440 678 2520 vias
698 2440 881 2546 expedire
901 2441 1053 2541 valeat3
1081 2441 1205 2524 inter-

166 2576 266 2656 dum
284 2577 456 2660 forsitan
475 2577 517 2658 vi
536 2576 720 2658 humoris
735 2605 961 2684 oppressus,
980 2575 1116 2671 subito
1136 2605 1202 2658 ex-

162 2715 313 2806 tinctus
326 2715 389 2796 sin
438 2689 596 2794 Tamen
607 2713 651 2794 in
665 2713 928 2821 quibusdam,
943 2713 1016 2822 qui
1028 2714 1202 2820 subinde

166 2851 495 2958 expergiscuntur
514 2849 694 2930 animam
713 2871 886 2956 agentes,
908 2872 948 2930 et
960 2829 1084 2957 ¹quasi
1096 2851 1203 2956 jam-

160 2985 244 3091 jam
256 2985 550 3092 strangulandi,
565 2986 598 3066 is
613 2985 777 3067 affectus
790 2987 842 3068 ad
854 3013 1062 3094 spasmum
1074 3015 1202 3094 quen-

164 3123 271 3226 dam,
299 3144 372 3206 aut
391 3121 679 3226 distentionem
706 3150 941 3222 nervorum,
968 3122 1200 3206 referendus

159 3289 243 3344 ‚esse
272 3261 449 3362 videtur,
478 3260 692 3366 tenuisque
707 3351 712 3360 ,
730 3259 798 3340 illa
834 3287 961 3367 quam
998 3283 1201 3368 exspuunt

163 3399 319 3503 pituita,
333 3397 437 3480 dum
451 3419 626 3478 mortem
639 3397 859 3480 instantem
870 3398 1200 3504 propulsarecer-

163 3555 261 3637 tant,
277 3533 442 3620 effectus
461 3563 543 3617 esse
563 3535 697 3641 potius
717 3563 843 3642 quam
864 3563 983 3616 causa
1000 3535 1109 3618 mali.
1245 3635 1247 3642 J

213 3673 301 3756 Ubi
313 3671 526 3754 destillatio
541 3699 689 3779 paucos
705 3693 868 3774 tantum
882 3669 966 3754 dies
982 3693 1133 3774 manet,
1146 3671 1200 3754 ad

160 3807 288 3916 frigus
319 3809 534 3892 collectum
564 3805 751 3908 refertur,
780 3831 820 3890 et
849 3808 932 3890 fere
966 3809 1196 3916 negligitur.
1252 3827 1257 3840 ·

162 3945 372 4030 Interdum
400 3968 538 4028 tamen
564 3943 612 4028 fit
637 3947 807 4028 morbus
839 3947 1001 4052 longus,
1028 3967 1068 4026 et
1100 3973 1199 4052 pau·

162 4082 216 4180 oia
233 4081 602 4166 intermissionibus
622 4107 860 4188 perseverat,
888 4063 1014 4164 modo
1042 4079 1199 4188 aliquot

162 4245 327 4322 menses,
345 4219 471 4302 modo
486 4247 613 4302 annos
631 4241 829 4328 quatuor;
860 4218 984 4299 modo
999 4216 1103 4299 redit
1117 4217 1200 4298 sin·

160 4356 263 4460 gulis
291 4357 480 4442 noctibus
511 4383 582 4464 per
609 4356 880 4458 decennium
907 4353 1034 4436 modo
1061 4351 1124 4436 bis
1151 4351 1198 4434 in
