3002 5086
664 612 666 617 1
793 485 894 586 ses

324 701 402 783 nisi
423 698 536 806 quod
555 697 671 807 pyxis
691 725 810 797 aenea,
840 725 966 804 qnam
981 692 1126 803 lignea,
1144 695 1277 803 potior
1289 713 1360 778 est.

326 838 476 920 Fistula
494 836 614 918 debet
632 863 714 916 esse
734 835 836 914 duos
856 834 1017 940 pollices
1037 835 1185 940 longas
1212 833 1362 914 fundus

326 977 449 1056 habet
463 963 631 1053 tertiam
643 971 796 1078 pollicis
817 993 986 1076 partem,
1015 999 1113 1076 apex
1132 999 1228 1052 vero
1248 971 1363 1078 quin-

328 1135 413 1192 tam
441 1131 606 1216 partem.
680 1105 933 1213 Hujusmodi
962 1107 1087 1188 tubus
1116 1105 1233 1187 facile
1261 1129 1364 1212 apte-

328 1271 398 1328 tur
415 1231 502 1327 lolli
522 1244 687 1325 cuilibet
707 1243 762 1324 sic
781 1265 829 1324 ut
849 1251 915 1322 aiir
944 1243 1274 1325 commodissime
1300 1269 1364 1350 per

239 1455 242 1460 .
328 1383 575 1465 nicotianam
594 1380 836 1486 impellatur,
865 1379 1032 1462 fumum
1052 1407 1190 1461 secum
1209 1380 1365 1462 trahens

329 1519 585 1602 inintestina.
615 1515 874 1608 Nicetianam
889 1539 1025 1598 autern
1040 1515 1221 1599 accendit
1234 1517 1365 1598 charta

294 1691 295 1694 ¹
327 1658 438 1738 nitro
457 1656 628 1736 imbuta.
688 1655 783 1734 Hoc
812 1653 1041 1734 remedium
1070 1677 1265 1760 magnam
1283 1654 1363 1736 vim

330 1797 453 1878 habet
475 1793 526 1872 ad
542 1789 781 1873 coercendos
801 1789 1091 1870 intestinorum
1106 1795 1245 1871 motus
1266 1793 1367 1872 inor-

331 1933 503 2030 dinatos,
516 1949 781 2033 ventremque
793 1925 1120 2008 exinaniendum.
1158 1929 1366 2009 Interdum
1476 1989 1477 2002 r

331 2069 471 2147 alvum
483 2085 693 2146 momento
706 2061 900 2168 temporis
912 2062 1051 2163 solvit;
1066 2055 1277 2145 interdum
1288 2092 1367 2146 non

332 2205 412 2284 nisi
426 2223 644 2310 postquam
656 2199 889 2282 adhibitum
903 2198 1029 2282 fuerit
1047 2223 1190 2307 quarta
1209 2179 1366 2309 quaque
1476 2237 1477 2270 r

331 2340 433 2420 hora
456 2364 530 2445 per
563 2336 772 2442 integrum
803 2336 914 2418 diem
927 2371 939 2437 ς
968 2345 1101 2444 n'eque
1118 2363 1226 2418 roro
1261 2367 1367 2445 spem
1476 2363 1477 2368 ‘

331 2502 468 2558 meam
493 2499 656 2580 prorsus
685 2472 878 2554 destituit.
938 2473 1040 2554 Fieri
1065 2495 1263 2580 potestur
1291 2501 1367 2555 una

332 2613 543 2696 nicotianae
584 2611 730 2718 species
768 2613 889 2692 altera
927 2609 978 2692 sit
1012 2609 1222 2712 valentior,
1262 2611 1367 2720 quod

137 2764 142 2772 '
201 2743 209 2752 ’
333 2773 470 2831 tamen
488 2777 568 2828 usu
586 2747 775 2828 nondum
794 2747 887 2828 satis
907 2748 1119 2854 cognitum
1138 2747 1242 2830 est*.

389 2886 514 2968 Libra
527 2915 611 2966 una
623 2885 780 2990 argenti
795 2884 879 2966 vivi
893 2883 987 2966 ideo
996 2886 1090 2968 dats
1102 2885 1196 2987 fuit,
1210 2909 1259 2970 ut
1272 2915 1367 2995 pon-

336 3025 429 3106 dere
449 3051 523 3104 suo
546 3023 653 3104 viam
673 3050 747 3129 per.
761 3022 950 3104 intestina
968 3023 1162 3131 impedita
1181 3027 1367 3132 aperiret3

256 3161 272 3186 ²
335 3163 449 3268 quod
478 3159 647 3267 quidem
673 3159 759 3266 pari
789 3159 1106 3267 ponderisque,
1134 3163 1199 3241 vel
1210 3161 1368 3268 jusculi,

336 3319 521 3404 prostare
536 3295 812 3377 existimatum
830 3319 902 3396 est,
921 3319 1010 3378 turn
1024 3297 1121 3404 quia
1139 3297 1277 3378 minor
1289 3297 1367 3404 ejus
1475 3359 1476 3418 p

333 3433 482 3515 modus
510 3431 666 3514 facilius
687 3433 895 3532 retinetur,
923 3457 1014 3514 tum
1034 3435 1133 3540 quia
1158 3457 1368 3542 argentum

321 3569 478 3650 uivrrm
506 3568 712 3674 propriam
730 3569 817 3648 vim
837 3569 961 3652 habet
991 3571 1042 3652 ad
1062 3571 1242 3652 vomitus
1266 3575 1368 3650 roir-

334 3707 493 3788 cendos.
552 3707 710 3789 Tamen
729 3707 773 3786 in
793 3708 906 3813 aegris
923 3735 1025 3813 quos
1046 3707 1145 3806 vidi,
1164 3707 1370 3814 haudque

336 3872 462 3951 quam
491 3869 677 3951 prospere
705 3844 831 3924 cessit.
890 3845 1053 3926 Pondus
1081 3865 1190 3958 certe
1213 3869 1368 3950 prorsus

335 3982 479 4064 inutile
497 4005 569 4080 est,
593 3982 668 4064 ubi
686 3981 1028 4087 impedimentum
1047 3983 1172 4064 situm
1190 3981 1312 4064 fuerit
1329 3979 1369 4058 in

376 4219 502 4278 *Video
523 4219 651 4298 ejusdem
676 4217 789 4298 generis
809 4218 973 4275 remedium
996 4217 1032 4276 ab
1061 4213 1245 4294 Hippocrate
1268 4230 1371 4274 memo·

336 4335 434 4380 ratum
459 4341 519 4380 esse
540 4323 612 4380 inter
637 4321 688 4380 llei
711 4319 835 4379 curtlia:
867 4323 959 4398 dores
985 4332 1176 4400 χαλκευτικην
1197 4341 1307 4389 sunsei,
1326 4333 1374 4376 soe

336 4419 429 4502 φυσᾶν
440 4445 467 4494 ες
480 4441 526 4500 την
541 4427 766 4502 utiusqu-ssepi
781 4429 899 4502 Neurus,
915 4441 963 4481 xv.
978 4423 1017 4481 E.
1474 4405 1475 4454 l
