3016 5076
792 489 856 592 14

290 701 472 788 crebrius
491 693 607 803 fiant,
635 697 892 810 profluvium
910 697 1055 784 album
1072 695 1158 784 fere
1186 726 1352 812 semper

289 814 492 922 inferunt:
513 839 618 948 quin
631 837 1354 946 etiamvaletudinemconquassent,

289 998 415 1084 atque
433 997 565 1058 totam
578 975 692 1058 illam
710 977 917 1060 malorum
932 973 1145 1058 cohortem
1154 975 1355 1078 invitant,

289 1113 445 1222 quibus
465 1111 631 1221 effeetus
650 1113 884 1197 continetur
901 1112 1140 1222 hystericus.

345 1250 532 1334 Foemina
543 1243 703 1334 crebros
716 1279 830 1358 passa
841 1252 1023 1352 abortus,
1037 1273 1263 1358 postquam
1273 1249 1352 1334 ite·

288 1415 387 1473 mm
403 1388 572 1497 gravida
584 1409 700 1492 esset,
718 1388 844 1498 coepit
861 1389 925 1471 uti
937 1387 1087 1472 cortice
1101 1389 1351 1490 vaiann

288 1517 407 1636 cujus
425 1548 505 1610 tres
517 1524 731 1610 drachmas
752 1525 937 1638 quotidie
952 1525 1101 1610 sumsit
1112 1525 1289 1628 diutius,
1307 1548 1351 1618 et

281 1663 397 1775 justo
405 1631 588 1774 ternpore
599 1664 717 1748 enixa
727 1687 788 1748 est
797 1663 1001 1748 infantem
1011 1663 1222 1769 omnibus,
1236 1693 1348 1776 quos

287 1825 407 1890 antea
422 1824 642 1914 pepererat,
656 1803 935 1886 velentiorem.

728 2245 837 2330 Gne.
858 2250 898 2332 5.

708 2431 778 2517 De
798 2433 914 2516 Alvo.

341 2621 567 2706 Hossnsns
583 2618 815 2727 frequentia
829 2620 970 2700 alvum
981 2621 1227 2704 exonerandi
1243 2625 1340 2732 plu·

283 2756 441 2842 timum
454 2755 560 2840 inter
575 2787 616 2840 se
631 2753 838 2838 differunt
896 2757 1026 2842 Alteri
1037 2759 1160 2842 semel
1170 2782 1339 2842 tantum

242 2899 246 2908 '
283 2893 454 3004 singulis
466 2895 677 2979 mensibus
690 2894 829 2978 venter
842 2895 998 2977 solutus
1010 2919 1086 2999 est3
1107 2897 1220 2980 alteri
1231 2897 1339 2982 duo·

281 3031 411 3116 decies
424 3033 609 3144 quotidie
624 3033 832 3116 descendit
846 3059 919 3142 per
933 3033 1259 3152 trigintauannos,
1272 3035 1338 3118 uti

280 3173 366 3282 ipse
384 3173 490 3254 mihi
507 3171 702 3270 narravit,
721 3193 762 3253 et
779 3171 876 3254 dein
895 3169 1037 3280 s'epties
1058 3174 1242 3282 quotidie
1263 3200 1337 3284 per

280 3331 436 3418 septem
453 3334 603 3411 annos3
623 3336 759 3417 neque
774 3307 837 3410 vir
851 3307 919 3392 hic
933 3309 1087 3392 interea
1115 3331 1336 3414 macuerat,

281 3446 387 3553 quin
405 3447 541 3553 potius
560 3447 771 3554 aliquanto
785 3445 964 3529 habitior
982 3447 1113 3532 factus
1132 3469 1228 3532 erat

259 3619 263 3629 ·
336 3583 444 3664 Tam
462 3563 647 3669 foeminis
665 3612 793 3692 quam
807 3585 904 3666 viris
920 3587 1135 3694 contigisse
1154 3586 1267 3690 novi,
1285 3607 1350 3704 ut·

279 3743 454 3804 stercora
473 3721 625 3804 multos
645 3749 803 3805 menses
824 3745 1019 3808 restarent
1037 3747 1268 3808 coacervata
1286 3725 1333 3808 in

277 3857 472 3941 intestino
483 3881 605 3960 recto,
616 3859 692 3942 ubi
700 3881 837 3942 coacta
849 3862 999 3945 suntin
1007 3863 1160 3944 molem
1168 3862 1332 3964 duram,

276 3995 476 4104 majorem
505 4025 633 4106 quam
663 4001 755 4116 qnae
789 3999 970 4106 corporis
999 3997 1157 4082 virib'us
1187 3999 1332 4108 expelli

277 4155 412 4242 posset
431 4134 517 4216 sine
529 4133 680 4217 auxilio
700 4135 894 4244 chirurgi.
954 4135 1078 4244 Signa
1092 4137 1215 4245 hujus
1231 4135 1331 4219 mali

276 4293 375 4354 sunt
392 4271 549 4355 dolores
565 4273 732 4376 ventris,
750 4295 790 4356 et
808 4295 1002 4382 perpetua
1027 4273 1240 4363 desidendi
1256 4303 1329 4356 vo-
1354 4269 1358 4278 “

275 4401 411 4492 luntas
430 4410 555 4495 etiam
575 4411 714 4496 statim
724 4434 818 4522 post
828 4411 1095 4524 dejectiones3
1123 4433 1218 4496 tum
1231 4437 1330 4496 vero
