<?xml version="1.0" encoding="UTF-8"?>
<!DOCTYPE html PUBLIC "-//W3C//DTD XHTML 1.0 Transitional//EN"
    "http://www.w3.org/TR/xhtml1/DTD/xhtml1-transitional.dtd">
<html xmlns="http://www.w3.org/1999/xhtml" xml:lang="en" lang="en">
 <head>
  <title>
</title>
<meta http-equiv="Content-Type" content="text/html;charset=utf-8" />
  <meta name='ocr-system' content='tesseract 3.04.00' />
  <meta name='ocr-capabilities' content='ocr_page ocr_carea ocr_par ocr_line ocrx_word'/>
</head>
<body>
  <div class='ocr_page' id='page_1' title='image "./commentariidemo00hebegoog_0023.png"; bbox 0 0 3016 5076; ppageno 0'>
   <div class='ocr_carea' id='block_1_1' title="bbox 813 455 864 562">
    <p class='ocr_par' dir='ltr' id='par_1_1' title="bbox 813 455 864 562">
     <span class='ocr_line' id='line_1_1' title="bbox 813 455 864 562; baseline 0 -18"><span class='ocrx_word' id='word_1_1' title='bbox 813 455 864 562; x_wconf 74' lang='grc'><strong>4,</strong></span> 
     </span>
    </p>
   </div>
   <div class='ocr_carea' id='block_1_2' title="bbox 275 671 1377 2563">
    <p class='ocr_par' dir='ltr' id='par_1_2' title="bbox 275 671 1377 2563">
     <span class='ocr_line' id='line_1_2' title="bbox 308 671 1377 780; baseline 0.006 -24"><span class='ocrx_word' id='word_1_2' title='bbox 308 674 468 758; x_wconf 82' lang='lat' dir='ltr'><strong>&#39;meliur</strong></span> <span class='ocrx_word' id='word_1_3' title='bbox 488 671 647 757; x_wconf 82' lang='lat' dir='ltr'><strong>noverit</strong></span> <span class='ocrx_word' id='word_1_4' title='bbox 670 673 774 780; x_wconf 91' lang='lat' dir='ltr'><strong>quid</strong></span> <span class='ocrx_word' id='word_1_5' title='bbox 792 671 927 756; x_wconf 83' lang='lat' dir='ltr'><strong>ferant</strong></span> <span class='ocrx_word' id='word_1_6' title='bbox 942 673 1064 775; x_wconf 67' lang='lat' dir='ltr'><strong>riter,</strong></span> <span class='ocrx_word' id='word_1_7' title='bbox 1091 671 1292 760; x_wconf 76' lang='lat' dir='ltr'><strong>rutundo</strong></span> <span class='ocrx_word' id='word_1_8' title='bbox 1310 705 1377 762; x_wconf 81' lang='lat' dir='ltr'><strong>so·</strong></span> 
     </span>
     <span class='ocr_line' id='line_1_3' title="bbox 322 810 1200 921; baseline 0.001 -26"><span class='ocrx_word' id='word_1_9' title='bbox 322 812 408 895; x_wconf 78' lang='lat' dir='ltr'><strong>latii</strong></span> <span class='ocrx_word' id='word_1_10' title='bbox 426 811 656 921; x_wconf 87' lang='lat' dir='ltr'><strong>plurimum</strong></span> <span class='ocrx_word' id='word_1_11' title='bbox 674 810 983 919; x_wconf 82' lang='lat' dir='ltr'><strong>percipiendum</strong></span> <span class='ocrx_word' id='word_1_12' title='bbox 1001 813 1083 896; x_wconf 78' lang='lat' dir='ltr'><strong>sit?</strong></span> <span class='ocrx_word' id='word_1_13' title='bbox 1134 828 1138 836; x_wconf 88' lang='lat'>&#39;</span> <span class='ocrx_word' id='word_1_14' title='bbox 1196 829 1200 836; x_wconf 83' lang='lat'>&#39;</span> 
     </span>
     <span class='ocr_line' id='line_1_4' title="bbox 379 947 1377 1058; baseline 0.004 -28"><span class='ocrx_word' id='word_1_15' title='bbox 379 948 571 1032; x_wconf 87' lang='lat' dir='ltr'><strong>Dubium</strong></span> <span class='ocrx_word' id='word_1_16' title='bbox 584 947 724 1030; x_wconf 80' lang='lat' dir='ltr'><strong>multis</strong></span> <span class='ocrx_word' id='word_1_17' title='bbox 736 947 831 1048; x_wconf 88' lang='lat' dir='ltr'><strong>fuit,</strong></span> <span class='ocrx_word' id='word_1_18' title='bbox 856 948 991 1032; x_wconf 81' lang='lat' dir='ltr'><strong>neseio</strong></span> <span class='ocrx_word' id='word_1_19' title='bbox 1005 949 1110 1058; x_wconf 90' lang='lat' dir='ltr'><strong>quid</strong></span> <span class='ocrx_word' id='word_1_20' title='bbox 1121 949 1377 1055; x_wconf 72' lang='lat' dir='ltr'><strong>timentibus,</strong></span> 
     </span>
     <span class='ocr_line' id='line_1_5' title="bbox 321 1083 1375 1196; baseline 0.004 -28"><span class='ocrx_word' id='word_1_21' title='bbox 321 1085 594 1170; x_wconf 73' lang='lat' dir='ltr'><strong>demutandi·</strong></span> <span class='ocrx_word' id='word_1_22' title='bbox 607 1083 982 1194; x_wconf 79' lang='lat' dir='ltr'><strong>aegrorumlinteis3</strong></span> <span class='ocrx_word' id='word_1_23' title='bbox 1003 1086 1089 1196; x_wconf 83' lang='lat' dir='ltr'><strong>pari</strong></span> <span class='ocrx_word' id='word_1_24' title='bbox 1102 1087 1273 1196; x_wconf 85' lang='lat' dir='ltr'><strong>quidem</strong></span> <span class='ocrx_word' id='word_1_25' title='bbox 1281 1088 1375 1195; x_wconf 79' lang='lat' dir='ltr'><strong>jure</strong></span> 
     </span>
     <span class='ocr_line' id='line_1_6' title="bbox 311 1223 1376 1308; baseline 0.003 -2"><span class='ocrx_word' id='word_1_26' title='bbox 311 1252 370 1306; x_wconf 85' lang='lat' dir='ltr'><strong>-ac</strong></span> <span class='ocrx_word' id='word_1_27' title='bbox 388 1223 457 1306; x_wconf 86' lang='lat' dir='ltr'><strong>alii</strong></span> <span class='ocrx_word' id='word_1_28' title='bbox 475 1224 704 1307; x_wconf 85' lang='lat' dir='ltr'><strong>timuerunt</strong></span> <span class='ocrx_word' id='word_1_29' title='bbox 720 1229 858 1306; x_wconf 78' lang='lat' dir='ltr'><strong>a&#39;e&#39;rem</strong></span> <span class='ocrx_word' id='word_1_30' title='bbox 875 1223 1056 1306; x_wconf 83' lang='lat' dir='ltr'><strong>cubiculi</strong></span> <span class='ocrx_word' id='word_1_31' title='bbox 1073 1223 1240 1308; x_wconf 83' lang='lat' dir='ltr'><strong>foedum</strong></span> <span class='ocrx_word' id='word_1_32' title='bbox 1258 1225 1376 1308; x_wconf 85' lang='lat' dir='ltr'><strong>noxi·</strong></span> 
     </span>
     <span class='ocr_line' id='line_1_7' title="bbox 322 1359 1377 1469; baseline 0.003 -25"><span class='ocrx_word' id='word_1_33' title='bbox 322 1388 481 1469; x_wconf 83' lang='lat' dir='ltr'><strong>umque</strong></span> <span class='ocrx_word' id='word_1_34' title='bbox 509 1359 666 1468; x_wconf 90' lang='lat' dir='ltr'><strong>puriori</strong></span> <span class='ocrx_word' id='word_1_35' title='bbox 696 1387 741 1442; x_wconf 90' lang='lat' dir='ltr'><strong>ac</strong></span> <span class='ocrx_word' id='word_1_36' title='bbox 771 1359 926 1444; x_wconf 73' lang='lat' dir='ltr'><strong>salubri</strong></span> <span class='ocrx_word' id='word_1_37' title='bbox 955 1379 1127 1444; x_wconf 87' lang='lat' dir='ltr'><strong>mutare.</strong></span> <span class='ocrx_word' id='word_1_38' title='bbox 1197 1363 1377 1447; x_wconf 83' lang='lat' dir='ltr'><strong>Nullum</strong></span> 
     </span>
     <span class='ocr_line' id='line_1_8' title="bbox 307 1497 1376 1620; baseline 0 -38"><span class='ocrx_word' id='word_1_39' title='bbox 307 1521 428 1620; x_wconf 72' lang='lat' dir='ltr'><strong>¹certe</strong></span> <span class='ocrx_word' id='word_1_40' title='bbox 447 1499 676 1612; x_wconf 86' lang='lat' dir='ltr'><strong>periculum</strong></span> <span class='ocrx_word' id='word_1_41' title='bbox 689 1499 838 1580; x_wconf 80' lang='lat' dir='ltr'><strong>instare</strong></span> <span class='ocrx_word' id='word_1_42' title='bbox 851 1497 985 1598; x_wconf 84' lang='lat' dir='ltr'><strong>debet,</strong></span> <span class='ocrx_word' id='word_1_43' title='bbox 1002 1526 1055 1581; x_wconf 85' lang='lat' dir='ltr'><strong>ne</strong></span> <span class='ocrx_word' id='word_1_44' title='bbox 1068 1499 1200 1606; x_wconf 78' lang='lat' dir='ltr'><strong>frigus</strong></span> <span class='ocrx_word' id='word_1_45' title='bbox 1216 1526 1376 1606; x_wconf 79' lang='lat' dir='ltr'><strong>aegrum</strong></span> 
     </span>
     <span class='ocr_line' id='line_1_9' title="bbox 323 1635 1376 1744; baseline 0 -24"><span class='ocrx_word' id='word_1_46' title='bbox 323 1637 463 1720; x_wconf 70' lang='lat' dir='ltr'><strong>ludat:</strong></span> <span class='ocrx_word' id='word_1_47' title='bbox 493 1665 593 1720; x_wconf 81' lang='lat' dir='ltr'><strong>nam</strong></span> <span class='ocrx_word' id='word_1_48' title='bbox 610 1636 779 1738; x_wconf 69' lang='lat' dir='ltr'><strong>famulo,</strong></span> <span class='ocrx_word' id='word_1_49' title='bbox 790 1635 886 1718; x_wconf 58' lang='lat' dir='ltr'><strong>xnisi</strong></span> <span class='ocrx_word' id='word_1_50' title='bbox 901 1661 1065 1742; x_wconf 70' lang='lat' dir='ltr'><strong>prorsus</strong></span> <span class='ocrx_word' id='word_1_51' title='bbox 1083 1636 1292 1744; x_wconf 85' lang='lat' dir='ltr'><strong>inexperta</strong></span> <span class='ocrx_word' id='word_1_52' title='bbox 1310 1638 1376 1738; x_wconf 80' lang='lat' dir='ltr'><strong>sit,</strong></span> 
     </span>
     <span class='ocr_line' id='line_1_10' title="bbox 275 1767 1375 1899; baseline 0 -41"><span class='ocrx_word' id='word_1_53' title='bbox 275 1767 282 1784; x_wconf 80' lang='grc'><strong>’</strong></span> <span class='ocrx_word' id='word_1_54' title='bbox 321 1775 445 1858; x_wconf 85' lang='lat' dir='ltr'><strong>lintea</strong></span> <span class='ocrx_word' id='word_1_55' title='bbox 459 1803 566 1858; x_wconf 80' lang='lat' dir='ltr'><strong>nora</strong></span> <span class='ocrx_word' id='word_1_56' title='bbox 580 1773 862 1882; x_wconf 68' lang='lat' dir='ltr'><strong>agrotantiita</strong></span> <span class='ocrx_word' id='word_1_57' title='bbox 875 1773 1055 1877; x_wconf 86' lang='lat' dir='ltr'><strong>inducet,</strong></span> <span class='ocrx_word' id='word_1_58' title='bbox 1082 1797 1131 1858; x_wconf 91' lang='lat' dir='ltr'><strong>ut</strong></span> <span class='ocrx_word' id='word_1_59' title='bbox 1143 1774 1298 1899; x_wconf 73' lang='lat' dir='ltr'><strong>frigido</strong></span> <span class='ocrx_word' id='word_1_60' title='bbox 1312 1775 1375 1858; x_wconf 88' lang='lat' dir='ltr'><strong>di·</strong></span> 
     </span>
     <span class='ocr_line' id='line_1_11' title="bbox 321 1909 1373 2028; baseline -0.002 -32"><span class='ocrx_word' id='word_1_61' title='bbox 321 1913 434 1997; x_wconf 77' lang='lat' dir='ltr'><strong>utius</strong></span> <span class='ocrx_word' id='word_1_62' title='bbox 453 1911 540 1999; x_wconf 82' lang='lat' dir='ltr'><strong>non</strong></span> <span class='ocrx_word' id='word_1_63' title='bbox 559 1910 788 2019; x_wconf 86' lang='lat' dir='ltr'><strong>objiciatur,</strong></span> <span class='ocrx_word' id='word_1_64' title='bbox 816 1938 944 2018; x_wconf 82' lang='lat' dir='ltr'><strong>quam</strong></span> <span class='ocrx_word' id='word_1_65' title='bbox 962 1932 1053 1994; x_wconf 91' lang='lat' dir='ltr'><strong>tuto</strong></span> <span class='ocrx_word' id='word_1_66' title='bbox 1072 1909 1162 1996; x_wconf 85' lang='lat' dir='ltr'><strong>fieri</strong></span> <span class='ocrx_word' id='word_1_67' title='bbox 1180 1911 1373 2028; x_wconf 74' lang='lat' dir='ltr'><strong>novinrut</strong></span> 
     </span>
     <span class='ocr_line' id='line_1_12' title="bbox 322 2047 1375 2136; baseline -0.004 0"><span class='ocrx_word' id='word_1_68' title='bbox 322 2049 520 2136; x_wconf 83' lang='lat' dir='ltr'><strong>inmultio</strong></span> <span class='ocrx_word' id='word_1_69' title='bbox 533 2049 618 2132; x_wconf 78' lang='lat' dir='ltr'><strong>aliis</strong></span> <span class='ocrx_word' id='word_1_70' title='bbox 634 2048 862 2131; x_wconf 67' lang='lat' dir='ltr'><strong>necessariis</strong></span> <span class='ocrx_word' id='word_1_71' title='bbox 877 2047 1123 2134; x_wconf 76' lang='lat' dir='ltr'><strong>ministeriis.</strong></span> <span class='ocrx_word' id='word_1_72' title='bbox 1172 2048 1375 2134; x_wconf 75' lang='lat' dir='ltr'><strong>Nonnulli</strong></span> 
     </span>
     <span class='ocr_line' id='line_1_13' title="bbox 322 2185 1374 2296; baseline -0.001 -24"><span class='ocrx_word' id='word_1_73' title='bbox 322 2189 447 2272; x_wconf 71' lang='lat' dir='ltr'><strong>etiam</strong></span> <span class='ocrx_word' id='word_1_74' title='bbox 461 2187 567 2270; x_wconf 83' lang='lat' dir='ltr'><strong>mira</strong></span> <span class='ocrx_word' id='word_1_75' title='bbox 580 2207 748 2270; x_wconf 85' lang='lat' dir='ltr'><strong>narrant</strong></span> <span class='ocrx_word' id='word_1_76' title='bbox 761 2185 812 2266; x_wconf 86' lang='lat' dir='ltr'><strong>de</strong></span> <span class='ocrx_word' id='word_1_77' title='bbox 826 2185 950 2268; x_wconf 85' lang='lat' dir='ltr'><strong>odore</strong></span> <span class='ocrx_word' id='word_1_78' title='bbox 961 2187 1121 2296; x_wconf 73' lang='lat' dir='ltr'><strong>saponis</strong></span> <span class='ocrx_word' id='word_1_79' title='bbox 1133 2187 1374 2296; x_wconf 84' lang='lat' dir='ltr'><strong>pernicioso,</strong></span> 
     </span>
     <span class='ocr_line' id='line_1_14' title="bbox 323 2321 1375 2434; baseline 0.001 -27"><span class='ocrx_word' id='word_1_80' title='bbox 323 2353 451 2434; x_wconf 85' lang='lat' dir='ltr'><strong>quem</strong></span> <span class='ocrx_word' id='word_1_81' title='bbox 479 2323 603 2406; x_wconf 88' lang='lat' dir='ltr'><strong>lintea</strong></span> <span class='ocrx_word' id='word_1_82' title='bbox 632 2349 768 2406; x_wconf 75' lang='lat' dir='ltr'><strong>recens</strong></span> <span class='ocrx_word' id='word_1_83' title='bbox 799 2321 882 2407; x_wconf 79' lang='lat' dir='ltr'><strong>lota</strong></span> <span class='ocrx_word' id='word_1_84' title='bbox 911 2323 1097 2432; x_wconf 80' lang='lat' dir='ltr'><strong>rpirant3</strong></span> <span class='ocrx_word' id='word_1_85' title='bbox 1127 2347 1375 2433; x_wconf 83' lang='lat' dir='ltr'><strong>quopropter</strong></span> 
     </span>
     <span class='ocr_line' id='line_1_15' title="bbox 321 2457 1372 2563; baseline -0.001 -18"><span class='ocrx_word' id='word_1_86' title='bbox 321 2483 493 2546; x_wconf 85' lang='lat' dir='ltr'><strong>monent</strong></span> <span class='ocrx_word' id='word_1_87' title='bbox 506 2459 693 2544; x_wconf 79' lang='lat' dir='ltr'><strong>infirmos</strong></span> <span class='ocrx_word' id='word_1_88' title='bbox 708 2461 743 2542; x_wconf 80' lang='lat' dir='ltr'><strong>oi</strong></span> <span class='ocrx_word' id='word_1_89' title='bbox 757 2459 881 2544; x_wconf 87' lang='lat' dir='ltr'><strong>lintea</strong></span> <span class='ocrx_word' id='word_1_90' title='bbox 891 2457 974 2544; x_wconf 75' lang='lat' dir='ltr'><strong>oin&#39;t</strong></span> <span class='ocrx_word' id='word_1_91' title='bbox 984 2461 1196 2563; x_wconf 72' lang='lat' dir='ltr'><strong>mutanda,</strong></span> <span class='ocrx_word' id='word_1_92' title='bbox 1213 2461 1263 2544; x_wconf 80' lang='lat' dir='ltr'><strong>iio</strong></span> <span class='ocrx_word' id='word_1_93' title='bbox 1280 2461 1372 2548; x_wconf 73' lang='lat' dir='ltr'><strong>solio</strong></span> 
     </span>
    </p>
   </div>
   <div class='ocr_carea' id='block_1_3' title="bbox 320 2595 1413 2718">
    <p class='ocr_par' dir='ltr' id='par_1_3' title="bbox 320 2595 1413 2718">
     <span class='ocr_line' id='line_1_16' title="bbox 320 2595 1413 2718; baseline -0.003 -36"><span class='ocrx_word' id='word_1_94' title='bbox 320 2599 398 2700; x_wconf 87' lang='lat' dir='ltr'><strong>uti,</strong></span> <span class='ocrx_word' id='word_1_95' title='bbox 426 2626 518 2708; x_wconf 84' lang='lat' dir='ltr'><strong>quae</strong></span> <span class='ocrx_word' id='word_1_96' title='bbox 533 2598 601 2680; x_wconf 77' lang='lat' dir='ltr'><strong>alii</strong></span> <span class='ocrx_word' id='word_1_97' title='bbox 616 2596 728 2704; x_wconf 76' lang='lat' dir='ltr'><strong>prius</strong></span> <span class='ocrx_word' id='word_1_98' title='bbox 742 2595 970 2681; x_wconf 82' lang='lat' dir='ltr'><strong>induerunt</strong></span> <span class='ocrx_word' id='word_1_99' title='bbox 984 2596 1021 2680; x_wconf 78' lang='lat'><strong>*.</strong></span> <span class='ocrx_word' id='word_1_100' title='bbox 1063 2597 1181 2711; x_wconf 70' lang='lat' dir='ltr'><strong>‘Quo</strong></span> <span class='ocrx_word' id='word_1_101' title='bbox 1201 2598 1373 2706; x_wconf 81' lang='lat' dir='ltr'><strong>quidem</strong></span> <span class='ocrx_word' id='word_1_102' title='bbox 1412 2713 1413 2718; x_wconf 7' lang='grc' dir='ltr'><strong><em>Ν</em></strong></span> 
     </span>
    </p>
   </div>
   <div class='ocr_carea' id='block_1_4' title="bbox 320 2733 1373 2980">
    <p class='ocr_par' dir='ltr' id='par_1_4' title="bbox 320 2733 1373 2980">
     <span class='ocr_line' id='line_1_17' title="bbox 320 2733 1373 2848; baseline 0 -30"><span class='ocrx_word' id='word_1_103' title='bbox 320 2758 438 2848; x_wconf 81' lang='lat' dir='ltr'><strong>pacto</strong></span> <span class='ocrx_word' id='word_1_104' title='bbox 465 2735 567 2820; x_wconf 86' lang='lat' dir='ltr'><strong>odor</strong></span> <span class='ocrx_word' id='word_1_105' title='bbox 592 2734 754 2843; x_wconf 71' lang='lat' dir='ltr'><strong>saponis</strong></span> <span class='ocrx_word' id='word_1_106' title='bbox 781 2733 868 2816; x_wconf 92' lang='lat' dir='ltr'><strong>tolli</strong></span> <span class='ocrx_word' id='word_1_107' title='bbox 891 2753 1048 2842; x_wconf 76' lang='lat' dir='ltr'><strong>poteot3</strong></span> <span class='ocrx_word' id='word_1_108' title='bbox 1076 2761 1199 2818; x_wconf 85' lang='lat' dir='ltr'><strong>nemo</strong></span> <span class='ocrx_word' id='word_1_109' title='bbox 1221 2755 1373 2836; x_wconf 78' lang='lat' dir='ltr'><strong>tamen,</strong></span> 
     </span>
     <span class='ocr_line' id='line_1_18' title="bbox 321 2870 1372 2980; baseline -0.005 -21"><span class='ocrx_word' id='word_1_110' title='bbox 321 2875 389 2959; x_wconf 88' lang='lat' dir='ltr'><strong>cui</strong></span> <span class='ocrx_word' id='word_1_111' title='bbox 408 2872 615 2958; x_wconf 77' lang='lat' dir='ltr'><strong>munditia</strong></span> <span class='ocrx_word' id='word_1_112' title='bbox 636 2871 750 2956; x_wconf 84' lang='lat' dir='ltr'><strong>cordi</strong></span> <span class='ocrx_word' id='word_1_113' title='bbox 768 2893 841 2972; x_wconf 81' lang='lat' dir='ltr'><strong>ert,</strong></span> <span class='ocrx_word' id='word_1_114' title='bbox 867 2870 946 2953; x_wconf 92' lang='lat' dir='ltr'><strong>hoc</strong></span> <span class='ocrx_word' id='word_1_115' title='bbox 965 2871 1095 2980; x_wconf 86' lang='lat' dir='ltr'><strong>pretio</strong></span> <span class='ocrx_word' id='word_1_116' title='bbox 1114 2871 1372 2956; x_wconf 76' lang='lat' dir='ltr'><strong>incolumio-</strong></span> 
     </span>
    </p>
   </div>
   <div class='ocr_carea' id='block_1_5' title="bbox 321 3008 1478 3122">
    <p class='ocr_par' dir='ltr' id='par_1_5' title="bbox 321 3008 1478 3122">
     <span class='ocr_line' id='line_1_19' title="bbox 321 3008 1478 3122; baseline 0.002 -28"><span class='ocrx_word' id='word_1_117' title='bbox 321 3033 406 3094; x_wconf 85' lang='lat' dir='ltr'><strong>tem</strong></span> <span class='ocrx_word' id='word_1_118' title='bbox 420 3009 499 3094; x_wconf 78' lang='lat' dir='ltr'><strong>ribi</strong></span> <span class='ocrx_word' id='word_1_119' title='bbox 512 3027 645 3094; x_wconf 79' lang='lat' dir='ltr'><strong>emero</strong></span> <span class='ocrx_word' id='word_1_120' title='bbox 658 3034 745 3092; x_wconf 90' lang='lat' dir='ltr'><strong>non</strong></span> <span class='ocrx_word' id='word_1_121' title='bbox 757 3029 1004 3116; x_wconf 74' lang='lat' dir='ltr'><strong>gravaretur.</strong></span> <span class='ocrx_word' id='word_1_122' title='bbox 1064 3008 1195 3122; x_wconf 81' lang='lat' dir='ltr'><strong>Quod</strong></span> <span class='ocrx_word' id='word_1_123' title='bbox 1208 3009 1243 3090; x_wconf 83' lang='lat' dir='ltr'><strong>ri</strong></span> <span class='ocrx_word' id='word_1_124' title='bbox 1257 3035 1371 3120; x_wconf 61' lang='lat' dir='ltr'><strong>rapo*</strong></span> <span class='ocrx_word' id='word_1_125' title='bbox 1476 3033 1478 3105; x_wconf 75' lang='lat' dir='ltr'><strong>j</strong></span> 
     </span>
    </p>
   </div>
   <div class='ocr_carea' id='block_1_6' title="bbox 320 3144 1371 3530">
    <p class='ocr_par' dir='ltr' id='par_1_6' title="bbox 320 3144 1371 3530">
     <span class='ocr_line' id='line_1_20' title="bbox 322 3144 1371 3257; baseline -0.004 -25"><span class='ocrx_word' id='word_1_126' title='bbox 322 3149 386 3232; x_wconf 83' lang='lat' dir='ltr'><strong>nio</strong></span> <span class='ocrx_word' id='word_1_127' title='bbox 406 3174 533 3257; x_wconf 82' lang='lat' dir='ltr'><strong>vapor</strong></span> <span class='ocrx_word' id='word_1_128' title='bbox 551 3147 650 3230; x_wconf 76' lang='lat' dir='ltr'><strong>adoo</strong></span> <span class='ocrx_word' id='word_1_129' title='bbox 669 3167 770 3230; x_wconf 79' lang='lat' dir='ltr'><strong>erret</strong></span> <span class='ocrx_word' id='word_1_130' title='bbox 788 3144 948 3253; x_wconf 86' lang='lat' dir='ltr'><strong>corpori</strong></span> <span class='ocrx_word' id='word_1_131' title='bbox 962 3144 1169 3247; x_wconf 81' lang='lat' dir='ltr'><strong>inimicus,</strong></span> <span class='ocrx_word' id='word_1_132' title='bbox 1196 3147 1371 3257; x_wconf 89' lang='lat' dir='ltr'><strong>quicun-</strong></span> 
     </span>
     <span class='ocr_line' id='line_1_21' title="bbox 321 3278 1371 3394; baseline -0.002 -26"><span class='ocrx_word' id='word_1_133' title='bbox 321 3314 404 3394; x_wconf 87' lang='lat' dir='ltr'><strong>que</strong></span> <span class='ocrx_word' id='word_1_134' title='bbox 423 3286 469 3366; x_wconf 91' lang='lat' dir='ltr'><strong>in</strong></span> <span class='ocrx_word' id='word_1_135' title='bbox 487 3311 636 3392; x_wconf 76' lang='lat' dir='ltr'><strong>sapone</strong></span> <span class='ocrx_word' id='word_1_136' title='bbox 650 3278 917 3384; x_wconf 87' lang='lat' dir='ltr'><strong>conficiendo,</strong></span> <span class='ocrx_word' id='word_1_137' title='bbox 944 3283 1009 3364; x_wconf 84' lang='lat' dir='ltr'><strong>vel</strong></span> <span class='ocrx_word' id='word_1_138' title='bbox 1027 3281 1072 3364; x_wconf 93' lang='lat' dir='ltr'><strong>in</strong></span> <span class='ocrx_word' id='word_1_139' title='bbox 1087 3281 1219 3366; x_wconf 77' lang='lat' dir='ltr'><strong>linteis</strong></span> <span class='ocrx_word' id='word_1_140' title='bbox 1234 3285 1371 3383; x_wconf 68' lang='lat' dir='ltr'><strong>laran-</strong></span> 
     </span>
     <span class='ocr_line' id='line_1_22' title="bbox 320 3417 1371 3530; baseline -0.005 -24"><span class='ocrx_word' id='word_1_141' title='bbox 320 3423 383 3506; x_wconf 81' lang='lat' dir='ltr'><strong>dir</strong></span> <span class='ocrx_word' id='word_1_142' title='bbox 396 3443 661 3530; x_wconf 80' lang='lat' dir='ltr'><strong>occupantur,</strong></span> <span class='ocrx_word' id='word_1_143' title='bbox 687 3418 951 3502; x_wconf 86' lang='lat' dir='ltr'><strong>incommoda</strong></span> <span class='ocrx_word' id='word_1_144' title='bbox 965 3419 1195 3504; x_wconf 77' lang='lat' dir='ltr'><strong>valetudine</strong></span> <span class='ocrx_word' id='word_1_145' title='bbox 1206 3417 1371 3512; x_wconf 85' lang='lat' dir='ltr'><strong>conflic-</strong></span> 
     </span>
    </p>
   </div>
   <div class='ocr_carea' id='block_1_7' title="bbox 319 3555 1388 3665">
    <p class='ocr_par' dir='ltr' id='par_1_7' title="bbox 319 3555 1388 3665">
     <span class='ocr_line' id='line_1_23' title="bbox 319 3555 1388 3665; baseline -0.012 -18"><span class='ocrx_word' id='word_1_146' title='bbox 319 3559 398 3646; x_wconf 82' lang='lat' dir='ltr'><strong>tari</strong></span> <span class='ocrx_word' id='word_1_147' title='bbox 419 3556 692 3641; x_wconf 81' lang='lat' dir='ltr'><strong>necessarium</strong></span> <span class='ocrx_word' id='word_1_148' title='bbox 716 3577 828 3640; x_wconf 76' lang='lat' dir='ltr'><strong>estet.</strong></span> <span class='ocrx_word' id='word_1_149' title='bbox 885 3557 1047 3639; x_wconf 87' lang='lat' dir='ltr'><strong>Verum</strong></span> <span class='ocrx_word' id='word_1_150' title='bbox 1066 3557 1191 3665; x_wconf 82' lang='lat' dir='ltr'><strong>longo</strong></span> <span class='ocrx_word' id='word_1_151' title='bbox 1211 3587 1292 3640; x_wconf 79' lang='lat' dir='ltr'><strong>usu</strong></span> <span class='ocrx_word' id='word_1_152' title='bbox 1309 3555 1388 3638; x_wconf 82' lang='lat' dir='ltr'>di..</span> 
     </span>
    </p>
   </div>
   <div class='ocr_carea' id='block_1_8' title="bbox 318 3679 1369 3940">
    <p class='ocr_par' dir='ltr' id='par_1_8' title="bbox 318 3679 1369 3940">
     <span class='ocr_line' id='line_1_24' title="bbox 320 3679 1369 3802; baseline -0.006 -24"><span class='ocrx_word' id='word_1_153' title='bbox 320 3695 496 3778; x_wconf 85' lang='lat' dir='ltr'><strong>dicimus</strong></span> <span class='ocrx_word' id='word_1_154' title='bbox 512 3721 654 3802; x_wconf 65' lang='lat' dir='ltr'><strong>aegros,</strong></span> <span class='ocrx_word' id='word_1_155' title='bbox 680 3691 785 3776; x_wconf 89' lang='lat' dir='ltr'><strong>dum</strong></span> <span class='ocrx_word' id='word_1_156' title='bbox 803 3691 927 3780; x_wconf 82' lang='lat' dir='ltr'><strong>lintea</strong></span> <span class='ocrx_word' id='word_1_157' title='bbox 939 3679 1055 3776; x_wconf 74' lang='lat' dir='ltr'><strong>foedn</strong></span> <span class='ocrx_word' id='word_1_158' title='bbox 1071 3692 1240 3776; x_wconf 79' lang='lat' dir='ltr'><strong>mundio</strong></span> <span class='ocrx_word' id='word_1_159' title='bbox 1259 3717 1369 3776; x_wconf 90' lang='lat' dir='ltr'><strong>com·</strong></span> 
     </span>
     <span class='ocr_line' id='line_1_25' title="bbox 318 3829 1369 3940; baseline 0.002 -26"><span class='ocrx_word' id='word_1_160' title='bbox 318 3853 497 3933; x_wconf 89' lang='lat' dir='ltr'><strong>mutant,</strong></span> <span class='ocrx_word' id='word_1_161' title='bbox 516 3831 616 3914; x_wconf 87' lang='lat' dir='ltr'><strong>adeo</strong></span> <span class='ocrx_word' id='word_1_162' title='bbox 630 3858 717 3914; x_wconf 92' lang='lat' dir='ltr'><strong>non</strong></span> <span class='ocrx_word' id='word_1_163' title='bbox 728 3830 833 3932; x_wconf 83' lang='lat' dir='ltr'><strong>laedi,</strong></span> <span class='ocrx_word' id='word_1_164' title='bbox 854 3852 904 3912; x_wconf 93' lang='lat' dir='ltr'><strong>ut</strong></span> <span class='ocrx_word' id='word_1_165' title='bbox 917 3855 1083 3915; x_wconf 83' lang='lat' dir='ltr'><strong>summo</strong></span> <span class='ocrx_word' id='word_1_166' title='bbox 1097 3829 1193 3916; x_wconf 88' lang='lat' dir='ltr'><strong>inde</strong></span> <span class='ocrx_word' id='word_1_167' title='bbox 1204 3829 1369 3940; x_wconf 83' lang='lat' dir='ltr'><strong>perfun-</strong></span> 
     </span>
    </p>
   </div>
   <div class='ocr_carea' id='block_1_9' title="bbox 177 3967 1367 4092">
    <p class='ocr_par' dir='ltr' id='par_1_9' title="bbox 177 3967 1367 4092">
     <span class='ocr_line' id='line_1_26' title="bbox 177 3967 1367 4092; baseline -0.007 -40"><span class='ocrx_word' id='word_1_168' title='bbox 177 4075 181 4092; x_wconf 92' lang='lat'>.</span> <span class='ocrx_word' id='word_1_169' title='bbox 317 3970 470 4052; x_wconf 84' lang='lat' dir='ltr'><strong>dantur</strong></span> <span class='ocrx_word' id='word_1_170' title='bbox 487 3968 646 4092; x_wconf 81' lang='lat' dir='ltr'><strong>solatio,</strong></span> <span class='ocrx_word' id='word_1_171' title='bbox 663 3967 718 4048; x_wconf 87' lang='lat' dir='ltr'><strong>in</strong></span> <span class='ocrx_word' id='word_1_172' title='bbox 742 3993 939 4050; x_wconf 77' lang='lat' dir='ltr'><strong>somnum</strong></span> <span class='ocrx_word' id='word_1_173' title='bbox 963 3967 1167 4052; x_wconf 83' lang='lat' dir='ltr'><strong>blandum</strong></span> <span class='ocrx_word' id='word_1_174' title='bbox 1184 3990 1225 4056; x_wconf 84' lang='lat' dir='ltr'><strong>et</strong></span> <span class='ocrx_word' id='word_1_175' title='bbox 1243 3987 1367 4054; x_wconf 80' lang='lat' dir='ltr'><strong>recre-</strong></span> 
     </span>
    </p>
   </div>
   <div class='ocr_carea' id='block_1_10' title="bbox 316 4078 908 4218">
    <p class='ocr_par' dir='ltr' id='par_1_10' title="bbox 316 4078 908 4218">
     <span class='ocr_line' id='line_1_27' title="bbox 316 4078 908 4218; baseline -0.003 -28"><span class='ocrx_word' id='word_1_176' title='bbox 316 4078 455 4190; x_wconf 72' lang='lat' dir='ltr'><strong>antem</strong></span> <span class='ocrx_word' id='word_1_177' title='bbox 473 4133 559 4190; x_wconf 91' lang='lat' dir='ltr'><strong>non</strong></span> <span class='ocrx_word' id='word_1_178' title='bbox 578 4091 669 4188; x_wconf 82' lang='lat' dir='ltr'><strong>raro</strong></span> <span class='ocrx_word' id='word_1_179' title='bbox 688 4102 908 4218; x_wconf 78' lang='lat' dir='ltr'><strong>detinente.</strong></span> 
     </span>
    </p>
   </div>
   <div class='ocr_carea' id='block_1_11' title="bbox 513 4334 1148 4474">
    <p class='ocr_par' dir='ltr' id='par_1_11' title="bbox 513 4334 1148 4474">
     <span class='ocr_line' id='line_1_28' title="bbox 513 4334 1148 4474; baseline -0.008 -32"><span class='ocrx_word' id='word_1_180' title='bbox 513 4334 515 4344; x_wconf 68' lang='grc'><strong><em>’</em></strong></span> <span class='ocrx_word' id='word_1_181' title='bbox 541 4381 560 4474; x_wconf 60' lang='lat' dir='ltr'>f</span> <span class='ocrx_word' id='word_1_182' title='bbox 579 4375 1057 4451; x_wconf 61' lang='lat' dir='ltr'><strong>numerumnunerum.</strong></span> <span class='ocrx_word' id='word_1_183' title='bbox 1077 4396 1102 4438; x_wconf 69' lang='lat' dir='ltr'><strong>e.</strong></span> <span class='ocrx_word' id='word_1_184' title='bbox 1118 4379 1148 4438; x_wconf 77' lang='lat' dir='ltr'><strong>r.</strong></span> 
     </span>
    </p>
   </div>
   <div class='ocr_carea' id='block_1_12' title="bbox 0 0 1512 5076">
    <p class='ocr_par' dir='ltr' id='par_1_12' title="bbox 0 0 1512 5076">
     <span class='ocr_line' id='line_1_29' title="bbox 0 0 1512 5076; baseline 0 1"><span class='ocrx_word' id='word_1_185' title='bbox 0 0 1512 5076; x_wconf 95' lang='lat' dir='ltr'><strong> </strong></span> 
     </span>
    </p>
   </div>
  </div>
 </body>
</html>
