3002 5086
304 647 461 740 menses
493 653 578 736 sine
600 651 781 732 minimo
813 653 1007 757 languore
1038 653 1252 754 stomachi,
1280 651 1347 738 aut

306 793 473 892 virium,
493 814 563 872 aut
582 791 827 870 animorum.
885 789 1020 886 Pulsis
1039 789 1162 892 etiam
1181 819 1346 900 compo·

181 1013 184 1024 ,
307 929 584 1015 situseradice
596 925 832 1007 rhabarbari
842 946 881 1006 et
893 925 1017 1004 herba
1027 928 1208 1031 qualibet
1216 957 1350 1010 amara

306 1069 371 1152 his
384 1065 497 1173 agris
510 1066 680 1146 idoneus
693 1084 762 1144 est.
820 1063 971 1142 Ieterus
987 1073 1210 1168 puerorum
1222 1069 1349 1148 medi-

223 1258 226 1267 ι
308 1205 501 1290 camentis
531 1201 801 1308 purgantibus
830 1197 945 1279 facile
965 1199 1080 1280 cedit
1139 1203 1181 1282 Si
1200 1202 1349 1286 icterici

309 1343 423 1424 alvus
434 1337 564 1419 fusior
575 1337 639 1436 sit,
651 1335 877 1414 videndum
888 1357 947 1416 est
958 1364 1009 1416 ne
1025 1339 1210 1443 purgatio
1224 1341 1350 1420 nimia
1453 1395 1456 1400 -

310 1475 407 1576 fiat3
436 1497 475 1556 et
503 1495 710 1582 propterea
730 1473 978 1552 ventriculus
1009 1475 1268 1556 sustinendus
1290 1498 1350 1557 esc

310 1609 614 1696 medicamentis
630 1609 787 1690 amaris.
829 1608 938 1714 Saepe
951 1611 1118 1718 prurigo
1133 1611 1177 1691 in
1190 1635 1351 1694 tantum

311 1749 454 1856 fatigat
487 1747 681 1850 ictericos,
717 1768 763 1826 ut
792 1744 905 1826 haud
937 1746 1074 1827 minus
1109 1774 1237 1854 quarn
1268 1751 1350 1856 ipss

312 1887 444 1988 dolor,
472 1885 566 1992 opio
589 1882 706 1964 leniri
724 1883 911 1988 postulet,
930 1883 1015 1964 sine
1034 1885 1149 1990 cujus
1169 1871 1349 1992 prasidio

311 2047 386 2105 nec
403 2021 516 2130 quies
530 2019 723 2118 interdiu,
737 2046 869 2125 neque
882 2042 1009 2102 noctu
1020 2049 1188 2104 somnus
1203 2025 1347 2130 sperari

200 2180 205 2188 ’
313 2181 454 2266 potest.

258 2387 261 2394 ,
370 2297 476 2376 Sunt
490 2295 619 2376 atalia
637 2293 826 2394 remedia,
846 2322 1027 2402 quorum
1047 2295 1243 2378 beneficio
1263 2297 1351 2405 qui·

314 2432 412 2512 dam
422 2429 637 2513 confidunt
648 2431 820 2520 calculos
832 2431 923 2510 bilis
931 2432 1095 2516 dissolvi
1108 2459 1231 2539 posse.
1262 2437 1351 2514 Hu-

310 2569 378 2678 jus
394 2567 548 2674 generis
569 2589 665 2646 sunt
684 2595 789 2672 aqua
804 2568 933 2668 calcis,
948 2545 1044 2650 sales
1059 2569 1230 2670 alcalini,
1249 2599 1350 2678 aqua

314 2705 397 2792 kali
417 2704 522 2810 puri,
541 2725 581 2784 et
592 2704 693 2786 varii
704 2731 881 2810 capones.
939 2707 996 2785 At
1013 2702 1164 2786 frustra
1174 2705 1237 2786 fui
1253 2708 1350 2788 dum

315 2843 487 2942 calculos
508 2863 579 2922 aut
606 2839 651 2920 in
669 2839 745 2940 his,
774 2862 845 2920 aut
872 2840 917 2920 in
942 2841 1063 2922 acidis
1092 2843 1349 2925 mineralibu‘s

315 2953 471 3096 liquaie
485 2999 653 3060 conatus
674 3004 777 3058 sum.
837 2977 986 3078 AEther,
1006 2979 1039 3058 si
1058 2979 1160 3060 bene
1172 2981 1350 3079 memini,

314 3145 382 3198 eos
402 3116 567 3230 tandem
595 3114 795 3196 tabefecit.
854 3116 1014 3194 Verum
1040 3143 1240 3222 ponamus
1267 3118 1351 3216 hos,

192 3241 199 3248 ’
317 3255 381 3334 vel
393 3253 489 3358 alios
503 3252 705 3359 quoslibet
715 3251 906 3356 liquores,
920 3252 994 3332 ubi
1007 3253 1158 3333 calculo
1174 3257 1351 3360 superin-

316 3387 403 3470 fusi
429 3389 527 3488 sint,
556 3417 651 3468 eum
681 3388 957 3470 comminuere
987 3417 1120 3494 posse;
1150 3413 1286 3472 tamen
1309 3392 1351 3471 in
1480 3423 1481 3462 ι

318 3524 592 3606 ventriculum
611 3522 786 3628 demissi,
805 3525 856 3612 ad
875 3527 1074 3610 calculum
1094 3527 1139 3606 in
1158 3529 1288 3608 vesica
1300 3529 1351 3608 la-

318 3683 486 3760 tentem,
514 3661 577 3741 vel
595 3659 814 3742 haerentem
832 3662 878 3741 in
892 3661 982 3761 viis,
1000 3665 1113 3744 nullo
1129 3665 1353 3770 modoper-

207 3837 212 3842 ·
318 3797 446 3879 tinere
458 3797 660 3880 valebunt.
720 3796 1005 3909 Quamobrem
1016 3799 1118 3880 illud
1130 3800 1352 3882 remedium

318 3934 424 4016 votis
440 3933 585 4016 nostris
606 3935 740 4016 solum
758 3934 1028 4040 respondebit,
1047 3937 1160 4042 quod
1179 3935 1271 4018 bilis
1285 3931 1352 4016 na·

320 4085 457 4154 turam
483 4071 540 4154 ita
558 4088 702 4170 mutet,
729 4091 777 4152 ut
804 4071 977 4178 amplius
1005 4099 1091 4186 non
1118 4091 1353 4170 concrescat,

320 4229 405 4309 aut,
422 4207 457 4290 si
475 4196 733 4306 concreverit,
751 4206 994 4312 liquefaciat,
1021 4229 1061 4290 et
1089 4207 1135 4290 in
1153 4209 1278 4292 bilem
1296 4235 1353 4289 re-
1479 4289 1480 4334 ἦ

272 4369 276 4378 ·
320 4345 459 4432 solvat.
507 4343 622 4434 Talia
635 4343 1260 4460 saneremediarenditatasunt,
1288 4341 1354 4428 sed
1479 4359 1480 4368 ³
