3050 5084
566 573 571 584 ·
642 541 746 654 895

161 746 164 754 ’
233 755 343 838 Rene
362 749 532 862 qudem
557 749 715 836 factum
741 771 823 853 ιιι,Δ
843 751 958 860 quod
985 749 1226 860 hujumodi

107 889 110 894 ’
179 891 454 978 remediorum
492 885 609 998 copia
646 915 733 972 non
760 888 906 996 exigua
932 889 1153 998 reperiamr
1179 890 1226 972 in
1345 880 1350 891 ‘

181 1027 375 1112 omnibuc
403 1023 797 1108 medicamentorum
825 1024 965 1108 libris:
1001 1025 1154 1135 quippe
1178 1053 1230 1110 er

181 1185 296 1248 tanto
324 1183 499 1246 numero
525 1157 639 1246 haud
670 1156 833 1243 difficile
859 1161 938 1244 erit
964 1159 1109 1270 eligere
1136 1187 1231 1272 quae

182 1299 385 1410 plerisque
399 1295 616 1382 rtommhie
630 1295 889 1399 conveniam,
913 1319 956 1380 et
973 1299 1037 1380 rel
1056 1297 1149 1382 ratic
1161 1299 1233 1408 jn·
1274 1311 1281 1334 ⁸

183 1436 321 1521 cunda
347 1435 444 1537 tint,
468 1435 534 1516 vel
560 1432 796 1517 tolerabilia
855 1434 1050 1518 Remedia
1081 1459 1232 1522 otoma-

183 1571 252 1657 cbi
280 1571 458 1654 maxime
484 1569 601 1652 utilia
626 1591 724 1652 runt
762 1569 808 1652 in
845 1591 930 1654 arte
968 1570 1151 1675 medica3
1191 1593 1235 1658 et

185 1735 332 1796 eorum
345 1706 656 1816 compositiones
671 1707 805 1814 plures
819 1707 873 1790 ad
886 1735 1059 1792 manum
1076 1735 1234 1820 temper

185 1874 272 1932 ctae
299 1845 477 1944 debent3
519 1867 605 1926 non
633 1843 768 1926 nolum
794 1843 894 1953 quia
920 1841 1044 1954 bujuc
1072 1845 1235 1930 visceris

188 1982 328 2066 morbi
343 1979 526 2098 quotidie
538 2001 939 2081 nascuntur3rerum
949 1982 1071 2064 etiam
1084 1981 1238 2092 quiain

189 2117 348 2204 morbis
369 2115 566 2218 obscuris,
589 2136 662 2200 aut
679 2115 911 2224 incognitis,
935 2139 1006 2200 aut
1019 2117 1065 2198 in
1084 2119 1255 2226 quibus.

190 2253 332 2338 nullut
351 2253 464 2334 locua
484 2274 545 2334 eat
561 2251 901 2354 exinanientibua,
928 2275 968 2336 et
995 2254 1107 2336 nulla
1133 2277 1241 2342 certa
1371 2249 1377 2260 ’

193 2385 374 2473 remedia
392 2387 559 2470 inventa
577 2409 687 2490 eunt,
705 2389 810 2470 nihil
829 2410 1005 2497 cuperent
1022 2391 1241 2496 agendum,

193 2526 277 2609 nini
294 2549 343 2608 ut
361 2525 539 2633 corporis
560 2526 664 2608 viret
693 2527 938 2624 nutriamus,
966 2528 1142 2610 maxime
1170 2553 1241 2636 pet

194 2691 262 2746 eae
274 2691 335 2746 ren
352 2691 443 2772 quae
454 2661 689 2747 facultatem
701 2662 853 2747 habent
870 2665 1140 2748 ventriculum
1150 2661 1242 2748 refi-

196 2799 345 2884 ciendi.

466 3033 542 3140 §8.
573 3033 642 3120 Do
662 3033 818 3120 Morbis
842 3035 984 3120 Lienis.

258 3219 759 3330 Vtr'quinquagesimum
788 3247 944 3304 annum
972 3233 1091 3330 agona
1119 3221 1244 3330 toepit

201 3357 388 3442 amittere
406 3383 565 3466 corpus,
592 3379 632 3440 et
650 3355 767 3460 vires,
785 3383 870 3439 non
889 3359 974 3440 tine
993 3357 1172 3468 quadam
1187 3359 1247 3444 fe·

204 3495 374 3580 bricuia.
432 3495 563 3613 Modo
582 3495 733 3598 leviter,
760 3495 885 3578 modo
903 3497 1160 3581 vehementer
1186 3496 1250 3579 in-
1300 3479 1305 3488 ’

205 3633 421 3718 horruerat
445 3661 521 3742 per
548 3655 685 3716 totum
703 3633 923 3736 morbum3
951 3634 1135 3720 horrores
1153 3659 1251 3718 veto

207 3771 373 3852 nullum
392 3789 550 3852 certum
567 3769 794 3852 habuerant
811 3771 1038 3854 circuiuuu.
1069 3770 1162 3853 Cibi
1180 3799 1251 3854 cu-

208 3905 357 4016 piditas
369 3904 549 4014 perierat.
567 3907 716 3989 Nullus
726 3927 812 3990 erat
822 3908 1011 3991 vomitur.
1027 3909 1155 3988 Alvus
1166 3927 1253 3994 erat

210 4043 419 4144 naturalia,
437 4042 517 4128 niti
530 4069 602 4151 per
615 4043 718 4126 duos
732 4065 954 4152 postremos
972 4044 1064 4128 vitae
1082 4053 1251 4126 menter.

213 4181 346 4264 Urina
359 4208 492 4290 neque
511 4181 655 4282 colore,
683 4207 757 4262 nec
775 4181 890 4288 copia
907 4181 1105 4288 peccabat.
1162 4181 1256 4264 Pul·

213 4343 284 4402 tut
298 4315 597 4400 ruisaimeerat
605 4317 718 4425 jucto
732 4315 978 4400 concitatior.
1006 4319 1160 4400 Venter
1170 4339 1256 4400 non

216 4453 506 4542 eratintentua.
536 4453 722 4542 Secundo
733 4454 1259 4565 egrotationicmonteven·
