2990 5078
604 393 673 504 79

120 631 216 687 cum
232 601 354 686 urina
368 599 446 684 viri
465 597 679 706 cujusdam
697 597 913 704 expulsum
930 593 1056 678 fuisse
1073 623 1160 678 me«

120 741 245 840 mini;
264 737 448 821 foeminis
463 735 586 818 etiam
600 735 732 816 multo
744 734 976 840 grandiores
989 733 1162 840 expressi

122 900 230 960 eunt.
283 877 452 958 Horum
465 901 600 955 unum
615 872 713 972 vidi,
732 870 872 978 figura
887 893 1028 970 ovate,
1046 871 1162 978 cujus

122 1015 260 1096 minor
294 1011 472 1097 ambitus
505 1032 589 1092 erat
622 1030 799 1116 quatuor
837 1008 1063 1116 pollicum
1106 1031 1165 1090 at·

124 1179 206 1260 que
225 1149 369 1232 eadem
382 1147 529 1229 mulier
542 1145 609 1228 die
624 1167 814 1253 sequente
832 1145 1031 1240 infantem
1050 1147 1169 1228 enixa

124 1311 185 1374 est
203 1306 356 1369 conatu
370 1307 410 1366 et
427 1283 565 1368 dolore
580 1282 808 1366 minoribus
828 1309 956 1388 quam
974 1311 998 1363 a
1015 1283 1171 1366 calculo

125 1451 244 1534 passa
273 1421 417 1504 fuerat.
475 1419 618 1500 Motus
648 1417 781 1498 omnis
808 1417 958 1500 solicite
978 1419 1169 1502 vitandus

126 1582 201 1660 est,
231 1559 389 1666 quoties
419 1556 583 1638 urinam
613 1577 808 1652 cruentat,
837 1555 1034 1662 quoniam
1053 1583 1171 1640 arena

128 1697 291 1778 circum
320 1719 508 1776 cruorem
536 1690 651 1775 facile
681 1691 919 1792 concrescit„
937 1713 977 1774 et
995 1690 1042 1774 fit
1062 1693 1175 1774 rudi-

130 1855 326 1916 mentum
344 1829 496 1912 calculi.

190 1968 388 2052 Remedia
406 1967 457 2048 ad
473 1966 673 2048 calculum
693 1989 789 2046 sunt
809 1967 872 2047 vel
895 1967 963 2048 illa
989 1995 1080 2076 quae
1098 1971 1177 2065 iut-

133 2131 281 2216 petum
296 2105 444 2188 doloris
457 2103 628 2202 leniunt,
642 2088 707 2182 vei
717 2131 811 2210 quae
828 2103 1004 2186 reddunt
1014 2106 1178 2190 urinam

135 2247 331 2328 idoneam
346 2241 397 2322 ad
411 2239 583 2324 calculos
599 2217 886 2325 dissolvendos.
930 2243 1038 2324 Inter
1053 2269 1181 2326 reme-

136 2381 208 2464 dia
220 2378 355 2488 priora
366 2377 470 2458 nihil
483 2403 596 2483 aeque
608 2375 714 2457 valet
728 2403 772 2458 ac
785 2378 938 2484 opium.
975 2380 1181 2462 Tincturse

139 2517 226 2626 opii
240 2535 371 2622 guttae
387 2513 546 2620 viginti,
574 2513 635 2592 vel
652 2533 855 2620 quantum
870 2541 970 2620 opus
990 2511 1061 2617 est,
1088 2545 1188 2601 cum

139 2681 265 2762 aquae
277 2649 424 2758 tepidae
441 2677 508 2732 sex
518 2649 647 2732 unciis
662 2651 706 2730 in
723 2650 861 2730 alvum
875 2650 1038 2754 infusae,
1055 2656 1189 2736 multo
1226 2699 1229 2702 ·

142 2787 346 2879 efficacius
362 2787 511 2868 tollunt
525 2785 721 2884 dolorem,
749 2813 873 2894 quam
895 2787 1188 2872 medicamenta
1242 2890 1244 2896 Α

143 2955 196 3008 ex
225 2925 329 3021 oleo,
358 2924 422 3004 rel
451 2949 499 3004 ex
530 2921 753 3004 seminibus
783 2923 936 3006 oleosis.
992 2925 1086 3016 Uva
1104 2927 1190 3008 ursi

144 3060 305 3144 famam
324 3059 504 3166 aliquam
524 3059 705 3143 obtinuit
724 3085 890 3140 ornnem
912 3057 1195 3144 difficultatem-

147 3198 285 3280 urinae
301 3196 498 3294 sanandi;
526 3193 595 3276 sed
614 3195 665 3276 ad
684 3221 796 3302 spem
815 3222 949 3276 meam
967 3223 1114 3303 parum
1133 3225 1196 3280 re·

149 3331 329 3442 spondit
378 3333 522 3440 Neque
536 3353 673 3414 tamen
685 3330 790 3412 iners
806 3358 970 3438 prorsus
985 3357 1043 3414 est
1057 3333 1197 3438 herba,

150 3467 776 3574 etdestitutaomnipotestatein
788 3494 932 3576 corpus
948 3469 1195 3554 humanum:

153 3605 309 3714 quippe
335 3603 385 3684 'in
415 3603 609 3712 quodam,
639 3603 712 3712 qui
744 3631 835 3686 eam
863 3633 970 3712 saepe
987 3585 1199 3709 sumserat,

154 3767 314 3848 semper
342 3738 484 3823 infecit
513 3740 677 3822 urinam
705 3741 837 3823 colore
860 3742 993 3824 viridi.
1051 3747 1201 3828 Praeter

154 3875 271 3960 hunc
289 3903 398 3978 vero,
428 3877 635 3958 neminem
655 3877 741 3960 vidi
767 3877 813 3958 in
842 3905 926 3985 quo
945 3879 1055 3960 idem
1074 3882 1204 3962 conti·

158 4012 264 4122 gisse
277 4013 517 4106 audiverim.
556 4015 679 4120 Aqua
694 4013 810 4095 calcis
823 4013 869 4094 in
884 4015 1023 4098 multis
1039 4017 1213 4099 urinam.

159 4133 836 4256 imbuitrimateriamealculosam
843 4149 1098 4232 dissolvendi.
1119 4152 1207 4234 Tu·

162 4303 258 4366 tum
287 4305 393 4366 certe
425 4305 487 4370 est
503 4281 594 4372 ,hoc
626 4284 866 4382 remedium.
925 4287 1088 4372 Etenim
1120 4285 1219 4375 vidis
