2990 5078
810 409 878 532 78

326 627 465 714 dolore
483 625 670 734 torqueti
688 629 958 710 necessarium
975 633 1089 728 erret,
1115 629 1226 712 mlh
1244 631 1363 722 breem

325 769 457 874 posite
485 765 645 872 quiete,
677 765 792 872 'quod
822 765 993 874 quidem
1021 766 1126 848 inter
1143 765 1217 848 hoe
1238 795 1358 874 aegror

325 903 560 986 inauditum
582 923 651 984 ert.

382 1038 473 1152 Qui
485 1039 607 1120 semel
621 1043 738 1118 natue
754 1059 795 1119 et
813 1060 928 1144 aptus
947 1037 1031 1118 fuit
1048 1037 1099 1118 ad
1116 1039 1359 1146 gignendam

325 1175 537 1260 materiam
553 1167 794 1256 calculonum
805 1175 851 1254 in
861 1176 936 1254 viis
949 1175 1096 1276 urinae,
1109 1178 1143 1256 ie
1155 1199 1359 1288 perentam

324 1312 452 1394 vitani
477 1317 596 1392 arena
627 1332 667 1392 et
695 1309 855 1390 calculis
884 1313 1019 1392 vexari
1046 1315 1284 1414 consuevit3
1321 1333 1360 1396 et

321 1447 488 1558 posteris
511 1447 634 1529 etiam
656 1447 738 1527 ruia
769 1447 946 1528 eundem
974 1450 1151 1555 corporis
1170 1449 1357 1542 habitum

322 1607 424 1692 eaepe
439 1583 688 1692 transmittit.
746 1575 889 1690 Neque
908 1606 1046 1665 tamen
1063 1586 1212 1676 derunt
1230 1615 1356 1668 exem·

310 1721 387 1832 pla
416 1747 573 1821 eorum,
586 1717 625 1800 'e
655 1745 836 1826 quorum
858 1720 1012 1822 vesicis,
1045 1720 1148 1802 dum
1167 1723 1283 1828 pueri
1300 1749 1355 1804 et·

321 1878 424 1958 tent,
433 1855 609 1940 calculus
626 1877 827 1938 extractus
839 1877 910 1958 eat,
925 1857 998 1964 qui
1013 1857 1158 1940 deinde
1171 1860 1354 1942 vixerunt

323 1991 625 2099 quinquaginta
656 2021 783 2074 armos
812 1993 864 2074 ab
894 1993 1009 2074 omni
1038 1994 1173 2076 morbi
1204 1995 1353 2076 indicio
1430 1973 1433 1978 ⁵

318 2127 447 2212 liberi.
503 2129 615 2210 Alios
644 2130 765 2212 etiam
787 2127 972 2235 cognovi,
1000 2129 1087 2236 qui,
1115 2157 1351 2238 quanquam

318 2283 425 2372 taepe
439 2267 589 2372 experti
601 2265 771 2348 fuissent
784 2267 940 2348 dolores
953 2267 1184 2367 calculosos,
1196 2290 1239 2349 et
1252 2268 1352 2348 mul·

315 2421 378 2484 tos
390 2404 560 2485 calculos
579 2405 834 2509 expulissent,
855 2425 991 2484 tamen
1003 2405 1177 2484 vesicam
1189 2427 1230 2488 et
1242 2431 1348 2486 renea
1475 2419 1476 2504 J

316 2533 549 2620 habuerunt
562 2541 752 2647 integros,
775 2541 895 2620 nullo
915 2538 1083 2646 vestigio
1102 2542 1259 2642 calculi,
1285 2569 1350 2623 ne·

315 2703 397 2782 que
425 2679 562 2758 morbi
591 2677 817 2794 cujuslibet,
856 2697 1149 2782 postmortem
1173 2677 1347 2760 invento.
1474 2703 1475 2718 ¹

313 2804 607 2913 Veruntamen,
633 2814 709 2894 ubi
723 2814 815 2920 quis
830 2839 1006 2912 arenam,
1033 2835 1073 2894 et
1090 2812 1257 2918 exiguos
1276 2813 1349 2896 cal·

312 2949 424 3032 culos
439 2950 629 3056 expellere
643 2977 740 3030 cum
753 2949 873 3028 urina
884 2949 957 3028 diu
969 2949 1191 3048 consuevit,
1206 2949 1348 3032 deinde
1474 2981 1475 2990 ¹

312 3107 474 3193 repente
503 3087 635 3166 nullos
667 3085 777 3166 videt
802 3111 1048 3190 perannum
1077 3109 1147 3168 eut
1165 3087 1349 3195 amplius,

243 3221 250 3240 ’
312 3245 502 3329 tuepectae
520 3222 579 3302 illi
593 3251 674 3304 esee
690 3223 839 3302 debent
853 3221 914 3300 hae
932 3221 1121 3304 induciae.
1180 3225 1288 3305 Nam
1305 3222 1347 3302 in

309 3351 388 3438 boc
403 3387 497 3440 casu
512 3360 752 3464 plerumque
768 3356 828 3457 fit,
846 3379 894 3438 ut
910 3359 1042 3440 omnia
1058 3358 1347 3440 calculosama·

278 3579 282 3588 Δ
306 3493 408 3578 teria
432 3493 483 3576 ad
505 3496 698 3578 nucleum
728 3494 907 3601 aliquem
935 3495 1195 3594 adhaereecat,
1228 3517 1269 3577 et
1289 3492 1345 3582 ibi
1473 3539 1474 3562 ι

189 3651 192 3660 ’
308 3643 575 3729 coacervetur,
602 3629 730 3710 donec
743 3629 908 3710 tandem
921 3630 1057 3736 justus
1072 3630 1249 3710 calculus
1264 3625 1344 3726 fiat,

308 3787 348 3850 et
366 3767 480 3876 signa
495 3791 685 3854 consueta
703 3768 805 3848 edat,
864 3769 983 3848 Tunc
1003 3795 1088 3848 non
1102 3792 1345 3874 supervacue

242 3999 245 4004 ¹
304 3927 426 3986 erunt
439 3905 505 3984 illa
516 3906 704 4004 remedia,
721 3917 814 4012 quae
828 3929 1004 4010 prosunt·
1015 3904 1204 3986 adversus
1219 3927 1344 3986 arena

220 4067 225 4078 ’
303 4044 617 4150 generationem,
658 4071 798 4149 quaeve
828 4043 1059 4149 impediunt
1089 4044 1229 4124 saltem
1261 4065 1341 4150 quo
1472 4025 1473 4036 Ν

302 4177 441 4260 minus
456 4179 540 4260 haec
555 4207 675 4299 arena
688 4181 733 4260 in
752 4179 880 4260 urinae
900 4179 976 4259 viia
996 4149 1198 4260 subiistat.
1255 4175 1343 4258 Cal⁴

301 4313 443 4396 tulum
460 4315 705 4421 pendentem
722 4337 814 4401 octo
832 4337 873 4399 et
902 4314 1050 4424 viginti
1072 4341 1199 4423 grane
1221 4307 1340 4398 simul
