2990 5078
591 461 688 557 105

183 671 264 763 Ubi
282 670 408 752 sudor
440 667 603 750 abunde
633 667 728 768 exit,
755 687 796 748 et
823 663 975 752 difflari
1005 661 1162 778 nsq‘uit,

135 806 231 888 sicut
246 807 291 888 in
309 807 492 914 inguine,
518 825 559 886 et
577 803 654 886 sub
674 803 865 886 mammis
879 804 1163 907 foeminarum,

134 965 245 1052 atque
262 944 309 1025 in
327 945 443 1044 eollo,
470 962 512 1024 st
529 941 616 1022 aliis
629 941 810 1046 partibus
829 941 1054 1026 infantium
1072 942 1165 1050 pin-

133 1081 284 1186 guium,
297 1079 359 1162 ibi
370 1105 487 1160 mora
500 1105 602 1184 saepe
614 1075 662 1158 fit
672 1105 774 1178 acer,
785 1099 825 1160 et
836 1078 1055 1162 cuticulam
1067 1080 1167 1162 vici-

133 1245 223 1298 nam
239 1238 359 1298 exest
418 1215 610 1300 Praesidio
625 1237 722 1296 sunt
736 1213 892 1298 ablutio
906 1215 1113 1323 frequens,
1126 1239 1169 1298 et

132 1353 255 1462 pultis
276 1352 403 1460 amyli
417 1371 488 1432 aut
510 1350 657 1456 argilla
677 1377 871 1456 aspertus,
890 1351 1067 1460 denique
1085 1377 1165 1434 un·
1305 1445 1309 1454 ¹

132 1512 327 1596 guentnm
341 1489 428 1570 lene
446 1509 659 1594 exceptum
677 1487 801 1568 linteo
819 1509 860 1568 et
877 1487 1166 1596 interpositum

116 1624 196 1725 sic,
212 1647 261 1708 ut
280 1647 411 1732 partes
426 1624 568 1706 attritu
581 1649 633 1704 ne
652 1621 859 1740 laedsntur.
916 1625 967 1708 In
984 1624 1167 1712 mulieri-

133 1762 204 1842 bus
215 1761 393 1870 gravidis
406 1761 544 1842 mults
556 1757 829 1850 deformitates
840 1761 959 1862 cutis,
974 1783 1089 1844 antea
1102 1762 1168 1844 in·

134 1899 339 1996 sanabiles,
353 1919 495 2004 sponte
509 1925 583 1981 sua
595 1919 813 1996 cessarunt,
825 1923 918 2003 quae
930 1919 1066 1978 tamen
1079 1925 1169 1986 otn-

133 2061 197 2114 nes
208 2057 300 2140 post
318 2017 483 2140 partum
493 2031 797 2116 recruduerant.
842 2033 1167 2116 Exulcetationes

133 2171 336 2269 nonnullis
354 2169 588 2252 subvenisse
599 2169 693 2248 visae
709 2189 818 2268 sunt,
831 2168 1040 2252 evocando
1048 2189 1087 2250 et
1099 2197 1167 2252 ex·

131 2305 316 2414 pellendo
337 2305 529 2388 humores
549 2304 805 2411 perniciosos,
832 2304 906 2412 qui
925 2327 1061 2386 cutem
1088 2304 1168 2388 foe-
1265 2349 1271 2366 ι

134 2441 303 2524 dabant:
333 2441 419 2523 aliis
433 2442 665 2526 autsmwillae
679 2441 848 2524 fuerunt
863 2467 1136 2546 supervacuae⁴

187 2581 318 2692 Quod
336 2580 477 2662 attinet
494 2578 548 2660 ad
568 2579 745 2660 remedia
763 2579 1006 2660 extrinsecus
1025 2579 1167 2662 admo-

137 2717 274 2816 venda,
301 2715 406 2796 illud
424 2715 563 2796 sedulo
582 2713 805 2798 tenendum
819 2736 890 2812 est,
918 2713 1069 2798 acriora
1088 2716 1170 2821 ple-
1309 2756 1312 2762 ·

138 2877 313 2960 rumque
330 2851 559 2950 convenite,
576 2851 650 2932 ubi
671 2851 849 2956 pruritus
864 2873 947 2950 θεῖς
976 2851 1040 2932 sin
1053 2851 1171 2934 dolor
1242 2863 1248 2872 “

138 2986 268 3090 fuerit,
287 2989 394 3075 lenia
404 3015 487 3070 esse
498 2987 740 3087 adhibenda,
759 3013 850 3094 quae
865 2988 1022 3070 solvant
1035 2989 1169 3094 potius

139 3151 260 3230 quam
277 3125 494 3206 intendant
521 3124 716 3223 dolorem,
732 3151 799 3206 ,ne
816 3121 920 3204 forte
942 3121 1172 3206 inflamma·

139 3259 260 3344 tiones
279 3263 477 3362 molestas,
494 3262 559 3343 vel
577 3259 699 3342 etiam
714 3259 961 3366 periculosae,
979 3287 1170 3368 movean-

140 3416 213 3490 tur,
270 3399 322 3478 In
339 3395 596 3478 huncfinem
610 3397 673 3478 vel
687 3423 793 3504 aqua
812 3423 914 3502 pura
932 3395 1043 3478 haud
1059 3421 1173 3502 pror·

141 3557 202 3614 sus
217 3533 514 3618 contemnenda
525 3555 605 3632 ett3
632 3559 733 3615 nam
748 3533 957 3614 interdum
975 3561 1091 3640 aquae
1109 3559 1173 3616 ca·

141 3667 226 3750 lidae
244 3697 385 3777 vapor,
402 3691 442 3752 st
459 3669 655 3770 fomenta,
682 3675 754 3750 sut
771 3669 919 3758 lavatio
937 3667 1084 3776 tepida,
1103 3692 1174 3754 aut

141 3801 297 3912 frigida,
324 3807 456 3898 vicem
474 3805 642 3890 remedii
659 3791 841 3912 implent.
899 3805 964 3892 Sic
982 3807 1094 3892 snitn
1112 3807 1175 3886 di·-

143 3939 310 4024 luuntur
338 3942 529 4026 humores
558 3971 665 4026 acres
686 3943 760 4050 qui
788 3963 924 4024 cutem
950 3939 1175 4030 mordendo

144 4087 386 4185 aupernnts
415 4101 508 4162 tum
522 4107 687 4190 quoque
698 4079 891 4178 furfures,
903 4101 1175 4185 aquamque,

146 4215 415 4317 emolliuntur,
433 4237 474 4298 et
491 4215 760 4323 detergentur.
819 4193 896 4296 Hae
916 4241 1030 4320 aquae
1049 4211 1176 4292 facul.

146 4365 246 4438 tates
256 4349 359 4456 fieri,
374 4373 543 4477 possunt
561 4353 798 4444 valentiores
824 4351 978 4459 adjecto
997 4349 1060 4430 vel
1085 4347 1176 4456 sale,
