3016 5076
264 727 541 829 facultatibus,
577 753 670 837 quat
700 724 794 808 vitat
831 723 1005 832 propriae
1040 707 1151 824 sunt,
1186 723 1333 806 nodos¹

263 893 407 950 omnes
431 891 503 974 per
521 891 661 948 rtrum
678 862 1002 946 inanimatarum
1029 861 1134 970 leges
1154 862 1328 944 student

263 1003 461 1112 expedire.

324 1137 542 1252 Quicquid
553 1137 725 1226 demum
740 1136 792 1220 sit
810 1136 926 1238 illud,
941 1163 1026 1246 quo
1037 1135 1123 1218 vita
1133 1135 1325 1218 animalis

264 1276 499 1360 continetur
511 1309 525 1376 ;
552 1303 633 1358 usu
651 1273 841 1357 instructi
870 1301 1013 1356 sumus
1032 1273 1153 1356 variis
1183 1274 1325 1375 rebus,
1424 1369 1429 1376 ι

265 1439 363 1524 quae
380 1412 483 1494 vires
498 1411 584 1520 ejus
602 1410 668 1495 vel
679 1439 825 1519 augere
843 1433 1027 1519 possunt,
1040 1411 1104 1494 vel
1120 1412 1322 1494 minuere.

255 1550 423 1656 ¹Nempe
451 1571 661 1632 enervant·
677 1548 817 1632 omnia
846 1577 937 1656 quae
956 1548 1153 1632 dicuntur
1178 1575 1326 1632 narco-

265 1685 358 1789 tica,
385 1707 479 1770 tum
496 1686 675 1768 maxime
692 1685 820 1768 herba
837 1685 1026 1794 digitalis.
1085 1687 1324 1770 Contrarios

263 1822 396 1906 edunt
409 1821 574 1906 effectus
588 1824 750 1925 vinum,
763 1845 804 1906 et
817 1823 1000 1931 potiones
1015 1823 1328 1926 meracior-sm

223 2037 227 2047 .
265 1961 470 2071 quicquid
488 1961 764 2044 ventriculum
778 1959 944 2062 reficiat,
962 1983 1034 2044 aut
1050 1961 1210 2043 fortiter
1229 1990 1324 2045 sen-

179 2163 183 2172 .
265 2125 335 2182 sus
363 2097 504 2180 irritet.
550 2097 671 2180 ,Illud
687 2119 826 2180 tamur
848 2098 1159 2200 tenendumest
1187 2097 1323 2182 nimio

265 2233 366 2316 vino
384 2231 507 2317 obrui
525 2233 644 2336 vires,
662 2263 755 2343 qua
780 2264 805 2316 a
823 2235 1075 2344 quibusdam
1105 2237 1321 2322 narcotieis

263 2397 383 2482 parce
400 2369 595 2453 adhibitis
609 2369 996 2456 haud'mediocriter
1015 2396 1260 2458 recreantur.
1320 2429 1324 2440 ·

273 2610 277 2624 ι
321 2507 384 2589 Er
397 2507 610 2591 narcoticis
626 2509 816 2618 quadam
826 2510 986 2594 vulneri
1000 2509 1138 2592 infusa
1151 2533 1321 2618 nocent3

265 2643 398 2752 plura,
425 2671 471 2726 ac
502 2643 586 2749 fere
618 2646 760 2730 omnia
788 2673 882 2758 quae
913 2649 1078 2755 sn'gunt
1115 2648 1322 2751 animum,

265 2779 373 2862 nihil
392 2804 523 2889 agunt
540 2781 621 2866 nisi
646 2783 694 2866 in
707 2787 984 2867 ventriculum
998 2785 1194 2868 demissa:
1224 2813 1320 2895 quae

250 2917 438 3028 'quidem
465 2947 557 3028 pars
588 2906 745 3028 tantam
760 2921 893 3006 'habet
920 2923 1244 3006 dominationem
1272 2925 1320 3008 in

264 3054 507 3140 universum
537 3085 698 3168 corpus,
729 3080 865 3144 utres
895 3059 1085 3168 quaedam
1106 3059 1322 3168 jucunda,

263 3213 342 3276 aut
359 3193 505 3296 noxia,
533 3195 848 3308 quamprimum
871 3198 1131 3281 stomachum
1158 3197 1321 3282 contin-

266 3350 381 3437 gant,
400 3353 581 3414 recreant
594 3359 668 3416 nos
684 3334 859 3442 penitus,
869 3357 910 3418 et
923 3333 1125 3445 reficiunt,
1139 3336 1202 3418 vel
1213 3333 1321 3418 affli-

266 3489 388 3575 gunt,
415 3491 486 3550 aut
504 3470 628 3552 etiam
646 3471 850 3558 occidunt.

323 3605 478 3690 Medici
494 3603 675 3716 proferto
686 3633 759 3714 est,
778 3611 893 3719 signa
905 3611 1041 3694 morbi
1058 3637 1318 3720 quaecunque

267 3741 434 3824 adversa
451 3743 659 3854 depellere,
676 3747 740 3830 vel
758 3751 902 3850 levare,
931 3771 1136 3858 quantum
1164 3747 1209 3828 id
1227 3769 1320 3830 tuto

268 3875 356 3963 fieri
370 3902 526 3987 potest3
554 3905 732 3968 attamen
747 3887 932 3994 primum
946 3885 1138 3970 omnium
1157 3883 1319 3968 studere

267 4041 439 4127 oportet,
458 4043 507 4104 ut
524 4021 609 4104 vita
626 4024 725 4130 ipsa,
754 4051 845 4132 quae
864 4023 1042 4106 inomni
1060 4023 1322 4131 aegrotatione

266 4159 424 4270 aliquid
442 4159 676 4244 detrimenti
699 4165 819 4270 capit,
842 4159 1072 4264 sintentari,
1096 4185 1146 4245 et
1162 4164 1322 4244 incolu-

266 4301 346 4385 mis
366 4299 558 4382 adversus
575 4300 779 4408 impetum
798 4302 934 4383 morbi
954 4301 1134 4410 praestari
1152 4300 1289 4410 possit.

321 4441 373 4530 ln
390 4438 440 4521 iis
459 4438 595 4542 rebus,
606 4465 698 4548 quae
711 4440 840 4524 vitam
853 4439 1056 4550 jacentem
1070 4439 1313 4548 exiguntor-
