3002 5086
645 423 743 532 191
816 465 825 482 .

170 639 272 727 item
288 633 372 722 kali
385 633 598 744 preparati
614 633 860 718 tantundem
878 631 924 716 in
942 659 1063 742 aqna,
1084 658 1164 720 aut
1180 633 1229 720 in

172 779 270 860 rino
288 775 548 860 dissolotmn.
602 773 697 854 Hoc
716 771 926 880 pulchrius
945 773 1077 854 multo
1096 800 1230 858 reme·

170 913 291 996 dum
309 932 384 1012 est,
411 937 541 1018 quam
558 907 673 1016 quod
691 907 815 990 babet
833 907 985 988 cineres
1003 907 1231 992 herbarum

169 1077 222 1134 ex
235 1047 336 1132 vino
353 1047 529 1156 liquatos
547 1081 558 1147 ς
588 1046 740 1154 quippe
758 1072 904 1126 eorum
918 1045 979 1126 vis
995 1073 1082 1128 non
1095 1047 1229 1128 conti.-

173 1209 295 1274 netnr
309 1185 356 1268 in
370 1205 476 1268 terra
489 1183 615 1284 fatua,
643 1209 789 1264 verum
806 1182 1017 1264 insalihus
1037 1183 1232 1285 alcalinis,
1325 1286 1328 1294 ‚

176 1324 329 1434 quibus
342 1321 390 1404 hi
406 1321 558 1404 cineres
579 1319 805 1420 abundant,
832 1347 931 1402 cum
949 1321 1086 1428 aliqua
1104 1321 1233 1402 simul

174 1462 359 1570 portione
373 1458 521 1542 salium
535 1479 791 1556 neutrorum,
810 1485 914 1565 quos
926 1459 1066 1540 multae
1078 1460 1229 1566 planta:

177 1618 363 1682 crunam
390 1593 595 1676 exhibent.
653 1575 794 1675 Parem
822 1593 1056 1676 facultatem
1082 1595 1234 1678 habere

180 1734 465 1816 existimantur
479 1733 642 1840 spiritus
656 1731 811 1814 aetheris
827 1731 986 1832 nitrosi,
1002 1753 1042 1814 et
1055 1733 1234 1815 tinctura

180 1869 445 1970 cantharidis3
460 1868 584 1976 hujus
596 1890 721 1976 guttae
735 1867 898 1975 viginti,
907 1869 1013 1950 illius
1026 1869 1236 1971 drachma,

178 2029 240 2091 ter
262 2005 447 2116 quotidie
467 2005 694 2088 adhibetur.
752 2005 872 2086 Succi
898 2005 1022 2087 etiam
1048 2031 1097 2088 ex
1124 1998 1236 2088 foliis

183 2145 329 2228 cinarae
348 2143 522 2250 expressi
539 2141 812 2228 cochlearium
832 2169 929 2223 cum
940 2119 1030 2224 ¹uini
1046 2143 1235 2226 Rhenani

180 2281 414 2366 cochleolis
446 2280 578 2362 tribus
611 2281 910 2362 nonnullorum
929 2277 1115 2363 sermone
1134 2283 1236 2364 cele·

181 2419 339 2502 bratur.

236 2558 326 2640 Ubi
354 2555 455 2654 haec,
483 2578 524 2638 et
550 2556 681 2638 multa
709 2554 787 2644 alia
812 2511 904 2664 qua
926 2577 1124 2640 vocantur
1141 2555 1237 2638 diu-

182 2695 321 2794 retica‚
345 2693 512 2794 frmtra,
538 2715 589 2774 ut
615 2693 859 2802 plerumque
889 2692 949 2794 fit,
977 2717 1130 2776 tentata
1147 2694 1240 2776 fue

184 2831 283 2933 rint,
302 2831 477 2940 quidam
493 2830 628 2912 conati
640 2851 739 2912 sunt
752 2859 907 2937 aquam
917 2831 1086 2914 educere
1100 2833 1239 2914 itucisis

184 2969 392 3070 cruribus,
409 2967 472 3050 rel
486 2995 606 3076 super
620 2996 665 3048 ea
679 2967 879 3074 impositis
898 2969 1122 3075 emplastris
1142 2997 1239 3049 can-
1318 3073 1320 3081 Ι

182 3105 377 3210 cbaridis:
397 3105 607 3188 interdum
622 3129 791 3213 quoque
804 3127 948 3212 sponte
963 3134 1037 3186 sua
1052 3106 1240 3188 vesiculae

183 3243 232 3326 in
271 3243 463 3326 cruribus
501 3239 826 3352 hydropicorum
865 3264 1099 3324 nascumur.
1158 3243 1240 3325 His

184 3380 346 3462 auxiliis
373 3379 486 3462 haud
513 3379 708 3486 exiguam
732 3405 849 3487 aqua
876 3379 1036 3488 copiam
1064 3379 1242 3461 elicitam

182 3516 286 3618 vidi,
312 3517 514 3615 morbum
536 3539 673 3600 autem
703 3544 922 3625 nunquam
950 3540 1164 3599 sanatum:
1199 3539 1242 3601 at

185 3651 358 3738 brevem
386 3682 549 3740 morsm
576 3655 815 3763 injecerunt,
856 3677 899 3738 et
935 3657 1244 3764 aliquantulum

188 3817 348 3898 aegrum
371 3793 568 3874 levarunt.
617 3791 821 3874 Odiosum
839 3816 899 3874 est
918 3793 1031 3900 quod
1050 3793 1135 3874 bac
1155 3793 1247 3872 vul-

188 3929 590 4012 numerantem
609 3925 718 4012 fiunt
736 3932 870 4012 ulcera
890 3951 1034 4012 sanam
1052 3909 1256 4031 ufficnta,'

189 4065 255 4146 vel
285 4065 521 4174 periculosa,
550 4093 792 4176 quanquam
809 4067 873 4148 bis
893 4089 964 4148 aut
983 4089 1041 4147 ter
1062 4065 1246 4172 quotidie

190 4201 339 4308 pannis
352 4204 475 4286 laneis
488 4231 537 4286 ea
549 4231 657 4312 aqua
667 4203 796 4285 calida
809 4204 1001 4310 expressis
1017 4200 1245 4284 foveantur.

190 4337 467 4449 Fomentaque
479 4341 567 4426 bac
577 4342 695 4425 utilia
707 4365 805 4428 sunt
815 4342 867 4424 ad
879 4366 1036 4447 aquam
1046 4337 1247 4448 copiosius
