3104 5084
827 436 930 538 334

354 639 699 730 Artificeshor'um
710 647 1030 754 crepundiorum
1040 645 1248 734 interdom
1260 617 1405 738 curavi

352 785 497 868 eodem
514 785 663 866 morbo
681 805 866 866 tentatos.
949 879 951 884 Ι

407 922 541 1002 Prima
556 923 725 1004 accessio
738 945 864 1004 acutae
876 923 1008 1004 colicae
1019 949 1107 1004 non
1121 949 1277 1032 semper
1292 927 1398 1010 desis

349 1061 414 1142 nit
431 1061 477 1140 in
496 1060 710 1168 paralysin.
768 1060 831 1140 1111
860 1060 999 1166 itaque
1029 1041 1104 1167 qui
1122 1062 1193 1144 tar
1209 1063 1398 1152 admont

349 1199 460 1280 tione
474 1196 605 1278 edocti
619 1197 664 1276 in
690 1218 898 1304 posterum
925 1197 1003 1278 sibi
1022 1198 1162 1279 sedulo
1181 1223 1324 1283 cevent
1340 1203 1396 1284 ab

348 1335 433 1444 ejus
454 1363 585 1434 causa,
613 1357 852 1441 quanquam
865 1334 1199 1448 periculosissime
1218 1327 1395 1420 labores·

348 1495 450 1573 sent,
467 1495 604 1580 postea
615 1495 752 1553 tamen
767 1473 900 1554 vivere
919 1495 1090 1579 possunt
1108 1473 1224 1556 liberi
1243 1477 1295 1558 ab
1315 1477 1395 1560 hoc

347 1609 469 1692 malo.

400 1747 584 1856 Urgente
603 1747 741 1828 dolore
759 1741 898 1848 colico,
927 1745 1022 1828 dare
1040 1770 1198 1855 oportet
1216 1749 1392 1830 medica·

345 1883 742 1991 mentumpurgane,
761 1883 876 1990 quod
887 1883 997 1964 viam
1011 1883 1090 1965 sibi
1102 1883 1226 1966 faciat
1242 1913 1313 1992 per
1327 1887 1391 1968 ina

343 2021 489 2103 testina
500 2022 667 2128 spasmis
679 2041 875 2121 contorta,
889 2041 928 2100 et
940 2021 1116 2122 astricta3
1132 2044 1255 2128 atque
1265 2023 1390 2104 etiam

345 2159 502 2266 opium,
528 2157 604 2239 tibi
622 2159 737 2240 dolor
758 2179 902 2264 praeter
920 2159 1085 2238 solitum
1097 2143 1245 2240 'saeviac
1294 2163 1389 2240 Pro-

343 2318 621 2403 runt'quoque
632 2285 840 2396 balneum,
858 2317 897 2376 et
908 2297 1172 2413 emplastrnm
1187 2295 1387 2378 canthasia

342 2433 406 2516 dio
425 2433 546 2542 snper
560 2455 743 2515 ventrem
762 2432 1013 2539 impositum.
1069 2435 1289 2540 Postquam
1308 2435 1388 2514 inu

342 2569 457 2678 petus
474 2570 608 2651 morbi
628 2569 843 2670 transierit,
870 2569 1122 2662 conveniunt
1154 2571 1386 2670 mauratica,

342 2729 383 2788 et
406 2733 555 2807 arnara,
584 2735 680 2788 cum
712 2707 765 2786 ad
797 2705 1102 2788 concoctionem
1135 2706 1384 2788 moliendam

341 2865 381 2926 et
406 2845 678 2926 ventriculum
702 2842 1046 2942 confirmandum,
1064 2861 1157 2924 tum
1174 2843 1227 2924 ad
1245 2845 1383 2950 praecia

340 2977 753 3089 denda'mparalyticae
765 2977 980 3060 debilitatis
993 3004 1169 3078 causam,
1183 2981 1245 3060 vel
1258 2981 1382 3064 etiam

340 3117 392 3200 ad
421 3119 638 3228 paralysin,
660 3119 749 3224 jam
777 3115 940 3216 factam,
968 3117 1202 3198 sanandam.
1259 3121 1382 3224 Aque

339 3247 561 3337 Bathonica
574 3251 807 3336 ventriculis
821 3251 995 3333 infirmis
1010 3253 1140 3334 amica
1152 3276 1223 3372 est,
1242 3277 1282 3336 et
1295 3279 1380 3335 non

337 3389 684 3476 contemnendum
703 3391 901 3472 auxilium
928 3390 991 3471 hie
1011 3391 1125 3496 aegris
1145 3391 1378 3500 polliceture

226 3525 230 3534 ’
338 3525 452 3637 quod
484 3531 518 3610 ei
536 3527 874 3612 nonnullis'haud
892 3527 1075 3608 multum
1093 3529 1288 3635 opitulata
1304 3551 1378 3630 est,

335 3667 405 3749 alii
423 3641 560 3748 ¹tomen
579 3663 786 3747 Bethoniae
805 3664 1113 3765 convaluerunt,
1130 3685 1171 3745 et
1188 3665 1279 3746 ideo
1294 3665 1378 3748 fora

336 3805 441 3886 titan
453 3803 587 3902 citius,
606 3801 802 3922 quietistis
817 3801 933 3908 aquis
948 3801 1059 3882 intus
1079 3823 1119 3884 et
1133 3801 1377 3883 extrinsecus

216 3937 219 3943 ’
333 3941 399 4024 nei
416 3935 598 4022 fuissent.
641 3925 760 4051 Quin
774 3938 903 4020 alium
921 3965 1044 4020 usum
1062 3937 1220 4044 capient
1237 3935 1376 4044 aegroti

332 4105 381 4160 ex
395 4078 536 4158 itinere
548 4077 599 4158 ad
616 4073 871 4176 Bathoniam,
885 4103 981 4156 cum
992 4103 1078 4157 non
1089 4073 1385 4156 tantummodo.

279 4233 284 4254 ’
332 4217 483 4316 locum,
497 4207 580 4298 ¹sed
598 4215 807 4324 potionem
826 4239 992 4322 quoque
1011 4234 1191 4314 mutent,
1201 4233 1243 4296 et
1259 4211 1373 4292 cibue
