3016 5076
368 647 516 726 Paucos
537 665 674 726 tamen
689 645 751 726 rel
770 643 909 750 pudet,
928 645 991 726 vel
1005 644 1128 752 piget,
1149 665 1234 728 tarn
1250 667 1360 731 tetrae
1383 717 1387 726 ,

316 780 577 880 valetudinis3
593 780 697 888 quin
709 781 829 863 multi
837 781 1026 864 ambiunt
1037 782 1147 866 hunc
1155 786 1363 895 morbum,

317 941 357 999 et
377 921 409 998 si
429 918 534 998 forte
554 920 847 1024 aegrotaverint,
866 919 1121 1002 arthritidem
1139 923 1301 1004 subesse
1315 923 1363 1004 li-

318 1057 460 1136 benter
478 1053 724 1155 existimant,
751 1077 791 1134 et
810 1083 850 1137 se
868 1059 1130 1138 consolantur
1158 1059 1272 1164 quod
1292 1057 1364 1138 ali·

317 1192 484 1300 quando
503 1189 604 1272 fiant
622 1191 817 1298 arthritici
834 1227 845 1292 ;
876 1221 1004 1299 quem
1021 1194 1145 1275 etiam
1163 1195 1209 1275 in
1236 1193 1365 1278 finem

316 1331 448 1412 multa
465 1329 573 1409 ultro
593 1328 851 1410 moliuntur:
886 1351 1024 1412 tamen
1043 1331 1146 1413 bene
1164 1333 1298 1414 evenit
1317 1355 1366 1414 ut

316 1465 557 1574 plerumque
576 1463 763 1546 excidant
779 1465 894 1546 votis.

374 1603 500 1684 Haud
515 1601 630 1682 facile
641 1602 756 1682 dictu
772 1625 845 1702 est,
864 1603 974 1684 unde
989 1605 1178 1706 evenerit,
1192 1627 1240 1687 ut
1259 1634 1364 1688 non-

319 1741 420 1822 nulli
437 1740 570 1820 morbi
586 1738 629 1818 in
642 1737 892 1844 quibusdam
907 1741 1142 1846 regionibus
1157 1766 1197 1825 et
1209 1746 1365 1826 saeculis

319 1877 535 1958 existimati
563 1875 717 1956 fuerint
735 1875 894 1957 honesti
927 1900 967 1958 et
996 1879 1230 1985 expetendi3
1259 1881 1364 1962 dum

320 2017 387 2096 alii
402 2037 537 2120 turpes
551 2037 591 2094 et
603 2013 787 2120 probrosi
799 2035 921 2114 sunt3
950 2015 1042 2097 licet
1060 2043 1192 2124 neque
1207 2019 1251 2098 in
1265 2019 1361 2125 ipsis

321 2151 475 2232 morbis
494 2149 591 2230 insit
611 2150 721 2255 justa
740 2150 875 2256 aliqua
903 2150 1069 2233 honoris
1089 2175 1160 2234 aut
1177 2153 1360 2236 infamiae

321 2315 452 2387 causa,
471 2315 602 2392 neque
617 2263 661 2364 in
676 2287 800 2366 modo
813 2313 898 2392 quo
913 2287 1110 2370 contracti
1129 2267 1235 2372 sunt
1267 2291 1362 2396 Epi·

321 2424 443 2529 lepsia
471 2449 683 2504 summum
711 2443 907 2504 terrorem
931 2424 1133 2530 veteribus
1164 2427 1361 2508 Romanis

324 2559 484 2640 videtur
498 2558 729 2639 incussisse:
746 2556 897 2640 herniae
912 2587 1079 2666 quoque
1094 2561 1228 2642 adhuc
1243 2561 1363 2644 dede·

323 2697 406 2778 cori
419 2717 525 2776 sunt
555 2695 660 2775 Suus
674 2693 923 2800 quibusdam
935 2695 1144 2778 affectibus
1156 2696 1285 2779 honos
1298 2727 1358 2780 ac·

323 2835 438 2916 cessit
455 2831 630 2938 eoquod
646 2831 734 2910 viro
752 2829 917 2910 cuidam
931 2857 1083 2937 magno
1097 2834 1360 2940 contigerint3

316 2973 387 3052 vel
417 2971 513 3078 quia
538 2969 742 3076 praecipue
768 2966 969 3048 invadunt
997 2969 1132 3051 beatos
1155 2970 1257 3068 illos,
1287 2974 1363 3080 qui

321 3108 404 3190 otio
413 3129 452 3188 et
464 3107 656 3186 omnibus
668 3103 786 3185 bonis
795 3101 983 3185 affluunt.
1014 3103 1247 3191 Ludoricus
1260 3109 1362 3190 XIV

311 3227 463 3360 ‚Gilriae
483 3270 550 3324 rex
570 3269 667 3323 cum
681 3241 785 3324 forte
810 3239 944 3332 fistule
963 3243 1029 3322 ani
1049 3244 1260 3344 laboraret,
1276 3273 1363 3328 non

322 3383 439 3488 pauci
450 3409 498 3462 ex
510 3379 681 3462 subditis
693 3378 777 3484 ejus
792 3380 869 3460 sibi
878 3401 1161 3487 persuaserunt
1169 3409 1208 3464 se
1218 3382 1363 3464 eodem

320 3517 421 3626 vitio
440 3516 563 3598 fuisse
581 3536 796 3620 correptos,
813 3535 858 3612 et
873 3541 958 3596 non
973 3517 1058 3598 leve
1073 3518 1285 3624 negotium
1302 3518 1366 3600 fa-

293 3633 299 3648 ’
319 3677 523 3735 cesserunt
537 3649 750 3757 chirurgia,
769 3652 947 3758 quitum
961 3651 1165 3754 vivebant,
1176 3651 1272 3736 ficto
1286 3681 1369 3736 suo

320 3790 467 3870 morbo
493 3811 668 3896 petentes
687 3789 895 3870 auxilium
957 3789 1138 3901 Quodsi
1166 3789 1211 3870 in
1229 3790 1363 3872 Gallia

319 3925 578 4032 firissetaqua
590 3925 786 4007 medicata
798 3953 894 4033 quae
908 3923 1086 4008 fisurlam
1098 3925 1368 4033 pomissetin·

320 4065 439 4164 ferre,
467 4065 563 4144 illuc
582 4085 683 4168 puto
701 4061 815 4144 haud
843 4065 980 4145 minus
997 4063 1146 4171 cupide
1175 4091 1371 4172 propere-

217 4285 220 4302 ,
321 4224 413 4283 turn
431 4223 544 4300 esset,
573 4227 701 4306 quam
720 4193 964 4283 Bathoniam
982 4201 1111 4284 nostri
1130 4221 1288 4308 petunt,
1315 4223 1370 4285 ut

318 4361 523 4449 reportent
537 4339 769 4448 podagram.
800 4339 883 4422 Hic
897 4337 1009 4426 euim
1022 4360 1082 4422 est
1099 4338 1164 4424 ille
1179 4335 1368 4440 morbus,
