3104 5084
802 438 983 542 266.

382 652 461 736 Die
472 678 596 736 nono.
641 653 738 766 'Nox
752 652 974 760 tranquilla
983 673 1073 735 acta
1082 675 1164 756 est3
1192 676 1233 736 et
1245 655 1371 738 robur

326 788 505 896 corporis
521 789 731 896 animique
743 789 1002 896 aliquantum
1009 789 1284 874 instauratur(
1304 796 1373 874 Fe·

326 924 412 1012 bris
439 947 589 1027 tamen,
618 949 658 1008 et
681 926 861 1033 jactatio,
889 948 930 1008 et
957 927 1373 1034 languoridentidem

326 1061 561 1164 incursaut3
591 1091 682 1172 quae
704 1059 856 1145 omnia¹
871 1065 1081 1171 sanguinis
1099 1065 1294 1158 missione
1319 1069 1374 1150 le·

326 1221 488 1286 vantur.
917 1229 919 1234 ·

381 1337 459 1418 Die
479 1337 649 1421 decimo.
708 1340 803 1420 Nox
817 1338 909 1420 satis
925 1360 1076 1446 pacata.
1135 1339 1312 1422 Maculae
1326 1367 1375 1424 ex

326 1495 414 1562 toto
433 1475 644 1577 abierunt3
672 1497 712 1558 et
725 1476 793 1558 vix
807 1477 890 1558 ulla
904 1475 1030 1558 febris
1044 1475 1196 1558 indicia
1210 1500 1373 1560 restant.

381 1613 459 1696 Die
470 1614 703 1697 undecimo.
748 1615 891 1698 Tussis
900 1613 1091 1698 nondum
1099 1641 1265 1724 prorsus
1277 1643 1374 1698 con·

327 1752 496 1863 quievit.

382 1889 461 1972 Die
479 1891 735 1972 duodecimo.
794 1889 987 1991 Somnus,
1014 1912 1055 1973 et
1074 1891 1156 1972 cibi
1175 1891 1377 2000 cupiditas

327 2026 611 2122 restituuntur.
641 2026 784 2110 Tussis
796 2050 935 2110 tamen
946 2029 1117 2112 levicula
1127 2025 1376 2136 paucosdies

327 2163 493 2266 mansit,
507 2193 598 2275 quae
612 2164 821 2284 sauguinis
834 2165 1027 2248 missione
1041 2167 1226 2274 primum
1237 2167 1377 2248 minu·

327 2324 383 2405 ta,
410 2301 526 2384 brevi
545 2324 682 2410 postea
700 2300 818 2385 finita
835 2323 906 2384 est.

298 2519 301 2526 .
383 2439 587 2522 Absoluta
600 2439 723 2548 hujus
732 2467 847 2547 aegrae
862 2439 1043 2540 historia,
1054 2440 1237 2526 transibo
1245 2440 1301 2521 ad
1310 2469 1377 2522 va·

329 2577 503 2678 rietates,
522 2605 624 2685 quas
644 2577 691 2658 in
709 2577 797 2658 aliis
815 2603 901 2661 non
919 2577 1056 2690 paucis
1071 2577 1216 2660 eodem
1230 2579 1379 2662 morbo
1517 2621 1518 2664 r

328 2716 533 2822 occupatis
553 2714 776 2796 observavi.

385 2853 601 2962 Principio,
620 2852 872 2961 quibusdam
887 2851 1134 2934 morbillosis
1153 2852 1263 2936 oculi
1281 2874 1379 2940 sunt
1517 2859 1518 2878 ¹

207 3000 210 3012 ’
329 2991 518 3100 lacrymis
538 2989 696 3089 suffusi,
724 3011 765 3072 et
782 2989 883 3072 lucis
911 2989 1051 3072 minus
1071 2989 1282 3097 patientes,
1311 2991 1375 3073 bi..

328 3129 464 3216 duum
477 3128 722 3237 priusquam
737 3127 874 3210 morbi
884 3127 1002 3234 signa
1015 3127 1059 3208 in
1071 3149 1164 3210 cute
1178 3127 1380 3235 conspici·

280 3313 284 3324 ·
328 3288 458 3364 untur
465 3301 478 3368 3
506 3290 628 3374 porro
643 3265 753 3349 idem
773 3293 861 3348 acer
875 3265 1028 3348 humor
1047 3293 1149 3374 saepe
1163 3265 1377 3374 depluitin

327 3429 459 3504 mres,
476 3425 516 3490 et
530 3425 668 3485 movet
686 3403 825 3486 crebra
841 3425 1174 3486 sternutamenta„
1232 3403 1377 3486 Tussis

328 3540 571 3650 plerumque
585 3539 729 3648 incipit
742 3569 825 3646 esse
839 3541 1009 3624 molesta
1021 3540 1125 3622 duos
1147 3539 1375 3637 tresvekdies

328 3697 551 3786 antequam
579 3679 751 3785 pustulae
772 3699 1024 3780 nascuntur3
1051 3677 1264 3760 interdum
1291 3677 1375 3760 dies

329 3836 483 3922 ¹septem
499 3836 569 3896 aut
583 3817 716 3922 plures
733 3816 934 3923 praecedit‚
947 3814 1030 3924 qui
1046 3843 1136 3898 mos
1150 3837 1236 3897 erat
1254 3802 1376 3924 hujus

328 3951 467 4036 morbi
495 3981 605 4034 anno
647 3955 768 4054 1753,
805 3975 906 4068 tum,
926 3953 1123 4061 temporis
1148 3949 1375 4060 epidsmici.

326 4091 497 4172 Dolores
509 4091 708 4194 faucium,
718 4091 872 4198 capitis,
883 4113 924 4175 et
938 4091 1118 4194 dorsiin
1130 4089 1257 4198 signis
1268 4115 1377 4172 mor·

327 4226 525 4312 billorum
543 4229 748 4314 numerati
767 4253 887 4331 sunt;
915 4252 955 4312 et
973 4229 1146 4322 memini
1165 4229 1374 4338 quendam

326 4393 489 4454 summe
507 4368 784 4456 excruciatum
801 4369 940 4456 dolore
958 4368 1082 4474 dorsi,
1101 4367 1178 4480 qui
1194 4391 1372 4495 perseve-
