3050 5084
807 445 911 564 376

337 663 571 763 nonnullos,
599 659 681 768 qui'
700 657 806 740 anibi
824 658 960 742 ,fidem
988 657 1173 745 feserunt
1188 691 1235 746 se
1254 663 1379 746 bis-eo

337 802 462 883 fuisse
480 795 709 906 implicitos.

392 939 582 1020 Senectus
618 935 757 1016 minus
777 935 947 1042 quidem
960 915 1190 1044 opportuna
1208 959 1267 1018 est
1285 939 1381 1020 huic

338 1073 499 1173 morbo,
517 1100 590 1154 nec
610 1095 747 1160 tamen
766 1099 929 1178 prorsus
949 1097 1096 1154 secuta
1126 1072 1227 1155 Vidi
1245 1072 1382 1154 foemi·

210 1279 212 1284 ,
338 1237 437 1292 nam
463 1209 821 1318 septuagenariam,
840 1229 888 1308 ‚et
907 1235 1047 1312 senem
1069 1209 1384 1317 octogenarium,

338 1347 415 1429 hac
434 1369 541 1428 tusse
560 1367 785 1453 occupatos,
843 1347 945 1446 Puer
974 1346 1254 1428 advenientem
1283 1375 1383 1454 prae.

339 1483 474 1583 sentit,
502 1505 542 1564 et
569 1482 621 1564 ad
649 1478 836 1582 matrem,
864 1482 1157 1594 vel=famuiam,
1186 1484 1358 1564 accurrit
1370 1519 1382 1588 ς

339 1642 381 1701 at
399 1603 541 1720 adulti,
569 1621 793 1702 accessione
813 1619 923 1720 victi,
951 1643 1161 1702 momento
1180 1621 1386 1728 temporis,

341 1759 453 1840 velut
467 1757 628 1840 attoniti
640 1758 880 1858 concidunt;
891 1759 999 1840 illico
1011 1785 1106 1840 vero
1121 1739 1385 1863 resipiscunt5

341 1917 464 2004 atque
482 1895 560 1976 hoc
579 1917 638 1976 est
657 1873 869 2002 proprium
894 1893 1016 2001 hujus
1037 1893 1200 1976 affectus
1221 1895 1388 2000 signum

241 2009 247 2024 .
342 2035 388 2114 in
402 2031 561 2114 adultis.
612 2031 702 2144 Qui
720 2031 832 2112 enim
850 2053 993 2137 praeter
1011 2031 1177 2112 solitum
1196 2032 1388 2132 tussiunt,

343 2193 527 2277 etnuper
542 2168 686 2250 versati
699 2167 868 2250 fuerunt
881 2169 986 2248 inter
997 2167 1153 2274 aliquos
1168 2189 1275 2248 tusae
1290 2195 1389 2250 con-

343 2306 501 2388 vulsiva
518 2306 756 2403 laborantes,
775 2304 978 2411 siquidem
996 2305 1142 2384 morbo
1161 2303 1390 2405 concidant,

345 2445 509 2526 nullum
523 2442 762 2550 relinquunt
781 2443 918 2522 locum
937 2439 1155 2520 dubitandi
1174 2440 1389 2524 denatura

329 2579 628 2688 egrotationis.
670 2577 779 2685 AEgri
797 2577 847 2659 de
862 2561 1014 2684 quibus
1029 2600 1160 2658 sermo
1171 2599 1242 2680 eet,
1260 2580 1390 2686 majo-

347 2745 436 2803 rem
453 2719 497 2797 in
517 2715 691 2798 modum
711 2735 941 2822 queruntur
959 2711 1197 2796 inflationes.
1332 2695 1337 2702 ’

403 2856 496 2935 Usu
510 2851 726 2933 didicimus
739 2849 1010 2948 mutationem
1025 2852 1118 2932 coeli
1130 2851 1308 2936 maxime
1320 2881 1390 2933 va-

349 2995 428 3076 lere
442 2991 494 3072 ad
508 2989 594 3074 vim
609 2989 745 3070 morbi
759 2987 1001 3087 leniendam,
1019 3010 1060 3069 et
1077 2985 1202 3070 finem
1221 2989 1307 3095 ejus
1328 3017 1391 3072 ac·

349 3127 618 3239 celerandum.
665 3125 926 3207 Ventriculus
942 3125 1040 3208 adeo
1059 3125 1213 3208 laborat
1231 3127 1392 3234 pituita,-

350 3287 391 3347 et
418 3261 650 3362 inflatione:
671 3283 720 3343 ut
734 3261 894 3343 ·rheum
922 3261 1147 3368 purgando,
1188 3285 1228 3342 et
1256 3288 1392 3344 amara

352 3399 646 3498 confirmando,
665 3397 921 3506 nonpossint
934 3425 1019 3496 non
1033 3423 1115 3478 esse
1129 3397 1255 3480 utilia.
1285 3401 1391 3480 Tus-

353 3538 406 3620 sis
419 3536 651 3618 convulsiva
663 3557 832 3641 cognata
842 3555 902 3616 est
912 3523 1229 3616 aliis‘nervorum
1240 3509 1391 3618 distenss

354 3675 549 3775 tionibus,
567 3674 739 3780 ideoque
755 3671 969 3754 verisimile
981 3693 1040 3753 est
1054 3672 1196 3779 opium
1207 3651 1390 3753 'mixtum

355 3839 454 3895 cum
484 3809 666 3908 moscho,
693 3808 791 3889 lacte
821 3807 1088 3908 ammoniaco,
1115 3829 1155 3890 et
1173 3808 1269 3889 vino
1288 3809 1391 3889 anti-

353 3947 499 4048 monii,
525 3967 665 4030 contra
678 3973 767 4028 eam
786 3944 1060 4050 profuturum.
1117 3945 1315 4026 Nondum
1333 3967 1391 4026 ta-

356 4111 454 4170 men
466 4085 698 4166 enehorum
710 4073 1100 4164 medicamentorum
1118 4079 1280 4176 effectus
1293 4081 1391 4183 vidi,

357 4245 408 4306 ut
420 4243 577 4304 certum
589 4213 786 4302 auxilium
799 4217 848 4299 iis
860 4217 989 4299 inesse
1003 4216 1217 4300 confidam.
1258 4219 1391 4299 Multa

358 4359 529 4470 quidem
541 4358 697 4465 ubique
704 4331 918 4492 jactantur
927 4353 1050 4464 hujus
1065 4351 1187 4462 pestis
1205 4351 1391 4458 remedia,
