3002 5086
762 487 866 582 202

170 689 194 710 ⁶
249 665 527 804 ruptiubus.
585 690 803 799 Ingenium
817 713 956 776 autem
970 691 1047 774 trus
1067 691 1168 776 areo
1185 718 1271 778 non
1284 693 1333 781 rt

287 834 458 932 tardius,
475 851 524 914 ut
542 831 770 913 secundum
784 830 1043 914 Aristotelem
1062 857 1202 916 omnes
1221 832 1334 940 ingo·

153 1029 155 1032 -
287 971 394 1054 niosi
409 967 794 1052 sintmelancholici„
844 967 994 1076 Sponte
1008 997 1260 1080 quoquesua
1269 971 1334 1054 in·

288 1107 453 1192 terdum
472 1105 616 1188 finitur
633 1105 701 1186 hic
721 1104 904 1208 affectum
933 1107 1184 1216 fueruntque
1202 1108 1334 1219 hypo-

288 1243 535 1344 cbondriaci‚
555 1241 627 1351 qui
646 1241 794 1349 viginti
813 1271 940 1326 annos
961 1245 1013 1326 ab
1041 1273 1089 1328 eo
1109 1247 1227 1328 liberi
1245 1247 1332 1326 vix-

287 1404 420 1464 erunt.
478 1383 594 1486 AEger
614 1407 708 1460 vero
737 1402 841 1462 certe
869 1404 928 1464 est
956 1381 1001 1462 in
1019 1382 1129 1462 bona
1148 1405 1229 1490 spe,
1256 1409 1332 1466 nec

288 1517 483 1602 fiduciam
502 1519 560 1598 illi
578 1517 711 1599 deesse
730 1503 902 1624 oportet,
922 1519 1208 1600 cummorbus
1228 1521 1333 1627 peri-

288 1658 381 1740 tuio
401 1679 526 1756 vacet,
545 1677 584 1736 et
603 1684 865 1764 nequaquam
885 1651 937 1738 sit
956 1657 1214 1740 insanabilis:
1245 1685 1332 1766 quo

288 1795 412 1887 etiam
430 1793 562 1893 finito,
576 1793 764 1874 valetudo
784 1793 936 1900 pariter
950 1793 1026 1876 erit
1044 1795 1215 1900 integra,
1232 1825 1276 1878 ac
1296 1795 1331 1878 ti

288 1933 353 2012 vir
371 1959 589 2038 nunquam
609 1953 847 2035 aegrotasset.

344 2071 394 2148 In
413 2069 656 2148 morborum
675 2069 894 2174 longorum
914 2068 1103 2149 omnium
1122 2067 1330 2150 curatione

288 2232 452 2288 aumma
462 2205 593 2285 victus
606 2205 707 2286 ratio
723 2206 910 2288 habenda
921 2229 993 2307 est,
1005 2234 1056 2288 ue
1069 2207 1173 2315 quid
1185 2234 1330 2313 corpur

287 2342 522 2425 detrimenti
534 2342 726 2449 malique,
737 2373 865 2452 quam
876 2345 1105 2425 maximum
1114 2371 1209 2438 vero
1220 2343 1332 2424 auxi-

286 2480 333 2562 lii
361 2479 457 2562 indo
474 2480 627 2587 capiat:
658 2509 742 2587 quo
763 2479 831 2562 fiet
860 2481 983 2564 etiam
1001 2503 1050 2562 ut
1076 2480 1245 2561 facultas
1264 2481 1332 2562 illa

289 2618 353 2699 rui
366 2618 650 2716 conservatrix,
664 2617 708 2698 in
724 2619 917 2700 omnibus
933 2617 1179 2700 animalibus
1198 2617 1330 2716 insita,

288 2755 384 2836 totis
403 2753 559 2836 viribus
579 2755 796 2838 contendat
814 2757 1010 2845 morbum
1029 2776 1223 2836 excutere.
1280 2755 1329 2833 In

287 2890 497 2972 nonnullis
518 2893 687 3000 quidem
706 2892 861 2979 morbis
881 2892 986 2974 nibil
1003 2894 1111 2973 ultra
1129 2889 1330 2973 medicina

288 3025 444 3110 efficere
468 3030 585 3111 valet.
643 3029 773 3136 Igitur
803 3031 847 3111 in
876 3033 1069 3137 languore
1096 3029 1330 3112 animorum

287 3193 410 3274 opera
429 3195 596 3275 quoque
615 3141 754 3248 danda·
768 3189 839 3268 est,
867 3175 1019 3248 utnon
1042 3164 1329 3247 tantummodo
1367 3227 1375 3235 .

289 3303 470 3384 vitentur
490 3333 581 3411 quae
607 3306 804 3386 morbum
823 3305 1039 3412 genuerint
1065 3304 1331 3411 alnerint'que,

289 3442 583 3524 verumetiam
612 3471 869 3554 quacunque
897 3440 1083 3528 secundae
1109 3439 1330 3524 valetudini

290 3577 564 3669 adversentur.
668 3602 671 3608 ·

346 3711 645 3798 Medicamenta
655 3720 869 3826 purgantia
878 3742 917 3802 et
928 3719 1197 3804 exinanienda
1205 3717 1330 3828 aliena

175 3877 178 3882 ·
290 3873 388 3936 tunt
402 3853 447 3934 in
458 3853 536 3937 hoc
548 3857 707 3938 morbo.
757 3857 865 3938 Cum
876 3879 1014 3940 tamen
1027 3862 1139 3941 alvus
1155 3858 1332 3964 plerum·

291 4017 373 4100 que
384 3993 544 4076 astricta
555 3993 618 4095 sit,
626 4017 716 4076 tuto
725 3995 812 4077 dari
823 4021 994 4114 potsunt
1002 3999 1224 4105 pilularum
1233 3989 1330 4076 Rufi

290 4156 417 4234 grana
436 4131 525 4233 tria,
552 4131 616 4212 vel
635 4133 723 4213 talis
744 4134 892 4216 modus
918 4135 1134 4243 cujuslibet
1152 4131 1332 4232 remedii,

292 4266 367 4387 qui
381 4295 467 4348 non
481 4271 572 4376 plus
588 4271 710 4354 semel
724 4293 909 4354 ventrem
923 4295 1102 4356 moreat:
1133 4270 1329 4354 hocenim

290 4426 408 4514 pacto
423 4407 766 4515 prohibebuntur,
785 4409 849 4494 vel
863 4412 1109 4496 letabuntur
1123 4411 1254 4494 multa
1271 4407 1331 4492 in-
