2990 5078
605 455 713 550 '151

147 662 219 746 uia
231 685 334 768 opus
354 679 413 742 est
431 661 621 744 medendi
641 664 807 762 ratione,
826 687 953 768 quam
969 685 1063 766 quae
1084 681 1180 762 pru-

148 797 317 904 riginem
336 798 460 880 tollat.
518 801 677 882 Verum
703 801 859 882 'certum
879 797 931 878 ad
957 795 1035 874 hoc
1055 821 1181 874 resne·

144 933 261 1020 dium
280 935 428 1034 adhuc,
448 957 653 1043 quantum
673 936 767 1038 scio,
785 934 1043 1016 desideratur.

570 1303 675 1384 Cae.
698 1309 763 1387 36.

149 1471 215 1554 De
233 1472 296 1552 Itis
322 1471 391 1580 qui
412 1497 497 1550 cum
526 1465 706 1548 Clamore
727 1479 766 1548 et
794 1467 959 1550 Terrore
987 1471 1184 1579 expergis-

515 1713 527 1731 Ρ
587 1617 744 1686 curetur.
855 1597 858 1602 ’

204 1771 300 1882 Qut
330 1754 616 1852 conflictamur
634 1793 731 1854 cum
750 1765 972 1865 arthritide,
1001 1765 1189 1874 paralysi,

149 1929 217 1988 aut
241 1905 359 1988 malis
380 1901 601 2012 hystericis,
629 1901 837 1984 interdum
857 1903 1216 2010 expergiscuntur·

151 2043 326 2128 maxime
346 2039 582 2148 perturbati,
610 2061 649 2120 et
669 2040 786 2145 quasi
805 2039 933 2122 territi
952 2041 1185 2121 exclamant.

150 2179 261 2260 Idem
283 2179 327 2258 in
346 2177 491 2282 puerili
510 2197 626 2258 aetate
642 2175 862 2282 saepissime
881 2176 1095 2282 contingit,
1112 2177 1187 2258 ubi

151 2315 357 2415 lumbrici,
368 2315 517 2395 ventris
530 2313 719 2410 tormina,
731 2333 802 2394 aut
813 2314 1192 2395 nervorumdisten-

153 2453 278 2534 tiones
298 2474 457 2534 vexant.
516 2449 632 2533 Pueri
652 2449 729 2530 hoc
750 2450 873 2530 modo
893 2451 1109 2556 experrecti
1128 2451 1191 2530 in·
1271 2449 1275 2458 ’

153 2589 315 2670 terdum
334 2588 540 2694 desipiunt
565 2586 709 2666 horam
727 2585 928 2692 integram
951 2587 1192 2692 priusquam

153 2727 202 2808 ad
216 2755 257 2810 se
276 2723 456 2808 redeant.

574 2974 681 3056 Car.
707 2976 773 3057 37.

564 3137 628 3218 oe
649 3113 785 3218 resa.

209 3293 389 3394 Faetus,
409 3294 490 3376 sive
510 3295 682 3400 languor
701 3323 799 3376 cum
818 3295 1055 3378 arteriarum
1074 3297 1197 3402 pulsu

157 3434 372 3531 concitate,
383 3431 591 3512 interdum
604 3431 688 3512 aliis
702 3433 855 3513 morbis
868 3433 1032 3534 accedit,
1044 3435 1197 3541 quibus

158 3569 303 3650 sanatis
317 3569 401 3674 ipsa
413 3568 672 3675 conquiescit
721 3569 812 3650 Ubi
823 3570 959 3650 nullus
973 3571 1073 3650 alius
1090 3595 1200 3650 mor-

158 3705 234 3786 bus
245 3709 307 3788 est
318 3727 460 3812 praeter
471 3705 641 3806 febrem,
652 3705 774 3812 hujus
785 3729 921 3788 tamen
935 3731 1079 3790 natura
1090 3711 1200 3789 varia

159 3863 227 3945 est,
246 3871 383 3951 neque
402 3843 542 3926 eadem
559 3845 716 3952 ubique
730 3845 920 3925 medendi
940 3845 1042 3926 ratio
1057 3874 1203 3928 conve-

160 3979 229 4061 nit.
289 3979 359 4060 Ad
377 4008 467 4060 eam
481 3979 556 4060 rite
571 3981 865 4062 instituendam
881 4003 1038 4088 oportet
1053 3969 1203 4062 intueri

161 4135 319 4196 atatem
340 4117 448 4222 agri,
466 4139 506 4200 et
524 4117 702 4223 corporis
722 4117 925 4215 habitum,
945 4117 1205 4200 consuetudi-

38 4333 39 4354 Ν
162 4275 340 4362 nemque
355 4253 533 4353 vivendi,
551 4275 591 4334 et
610 4253 708 4334 anni
727 4275 1018 4363 tempestatem,
1036 4277 1075 4336 et
1094 4281 1206 4335 mor·
1283 4239 1290 4262 ’

38 4361 41 4420 ⁵
161 4382 235 4468 bos
254 4409 360 4492 tum,
367 4389 560 4498 temporis
579 4389 823 4498 frequentes.
