<?xml version="1.0" encoding="UTF-8"?>
<!DOCTYPE html PUBLIC "-//W3C//DTD XHTML 1.0 Transitional//EN"
    "http://www.w3.org/TR/xhtml1/DTD/xhtml1-transitional.dtd">
<html xmlns="http://www.w3.org/1999/xhtml" xml:lang="en" lang="en">
 <head>
  <title>
</title>
<meta http-equiv="Content-Type" content="text/html;charset=utf-8" />
  <meta name='ocr-system' content='tesseract 3.04.00' />
  <meta name='ocr-capabilities' content='ocr_page ocr_carea ocr_par ocr_line ocrx_word'/>
</head>
<body>
  <div class='ocr_page' id='page_1' title='image "./commentariidemo00hebegoog_0180.png"; bbox 0 0 3002 5086; ppageno 0'>
   <div class='ocr_carea' id='block_1_1' title="bbox 112 770 1255 4686">
    <p class='ocr_par' dir='ltr' id='par_1_1' title="bbox 121 770 1255 1950">
     <span class='ocr_line' id='line_1_1' title="bbox 124 770 1158 882; baseline -0.002 -26"><span class='ocrx_word' id='word_1_1' title='bbox 124 774 225 876; x_wconf 87' lang='lat' dir='ltr'><strong>lore;</strong></span> <span class='ocrx_word' id='word_1_2' title='bbox 253 775 362 858; x_wconf 91' lang='lat' dir='ltr'><strong>calor</strong></span> <span class='ocrx_word' id='word_1_3' title='bbox 380 799 547 882; x_wconf 89' lang='lat' dir='ltr'><strong>quoque</strong></span> <span class='ocrx_word' id='word_1_4' title='bbox 565 771 775 856; x_wconf 88' lang='lat' dir='ltr'><strong>interdum</strong></span> <span class='ocrx_word' id='word_1_5' title='bbox 793 770 950 854; x_wconf 81' lang='lat' dir='ltr'><strong>invadit</strong></span> <span class='ocrx_word' id='word_1_6' title='bbox 969 770 1055 855; x_wconf 87' lang='lat' dir='ltr'><strong>sine</strong></span> <span class='ocrx_word' id='word_1_7' title='bbox 1071 772 1158 854; x_wconf 89' lang='lat' dir='ltr'><strong>ullo</strong></span> 
     </span>
     <span class='ocr_line' id='line_1_2' title="bbox 124 909 1159 1017; baseline -0.003 -26"><span class='ocrx_word' id='word_1_8' title='bbox 124 909 280 993; x_wconf 87' lang='lat' dir='ltr'><strong>horrore</strong></span> <span class='ocrx_word' id='word_1_9' title='bbox 301 909 582 1012; x_wconf 89' lang='lat' dir='ltr'><strong>antecedente;</strong></span> <span class='ocrx_word' id='word_1_10' title='bbox 611 911 706 992; x_wconf 69' lang='lat' dir='ltr'><strong>alias</strong></span> <span class='ocrx_word' id='word_1_11' title='bbox 736 937 845 1017; x_wconf 87' lang='lat' dir='ltr'><strong>aeger</strong></span> <span class='ocrx_word' id='word_1_12' title='bbox 863 910 1014 1011; x_wconf 88' lang='lat' dir='ltr'><strong>horret,</strong></span> <span class='ocrx_word' id='word_1_13' title='bbox 1041 909 1159 990; x_wconf 90' lang='lat' dir='ltr'><strong>nullo</strong></span> 
     </span>
     <span class='ocr_line' id='line_1_3' title="bbox 122 1035 1155 1156; baseline -0.002 -28"><span class='ocrx_word' id='word_1_14' title='bbox 122 1048 180 1129; x_wconf 77' lang='lat' dir='ltr'><strong>sel</strong></span> <span class='ocrx_word' id='word_1_15' title='bbox 206 1049 349 1156; x_wconf 84' lang='lat' dir='ltr'><strong>calore,</strong></span> <span class='ocrx_word' id='word_1_16' title='bbox 378 1049 442 1130; x_wconf 86' lang='lat' dir='ltr'><strong>vel</strong></span> <span class='ocrx_word' id='word_1_17' title='bbox 466 1047 613 1128; x_wconf 88' lang='lat' dir='ltr'><strong>sudore</strong></span> <span class='ocrx_word' id='word_1_18' title='bbox 646 1046 928 1154; x_wconf 78' lang='lat' dir='ltr'><strong>subsequente.</strong></span> <span class='ocrx_word' id='word_1_19' title='bbox 987 1035 1155 1128; x_wconf 68' lang='lat' dir='ltr'><strong>Brevio&#39;r</strong></span> 
     </span>
     <span class='ocr_line' id='line_1_4' title="bbox 122 1167 1157 1294; baseline 0 -30"><span class='ocrx_word' id='word_1_20' title='bbox 122 1184 252 1294; x_wconf 87' lang='lat' dir='ltr'><strong>itaque</strong></span> <span class='ocrx_word' id='word_1_21' title='bbox 266 1207 326 1268; x_wconf 88' lang='lat' dir='ltr'><strong>cst</strong></span> <span class='ocrx_word' id='word_1_22' title='bbox 339 1167 500 1267; x_wconf 85' lang='lat' dir='ltr'><strong>hecticae</strong></span> <span class='ocrx_word' id='word_1_23' title='bbox 516 1184 699 1284; x_wconf 81' lang='lat' dir='ltr'><strong>accessio,</strong></span> <span class='ocrx_word' id='word_1_24' title='bbox 718 1211 803 1264; x_wconf 95' lang='lat' dir='ltr'><strong>non</strong></span> <span class='ocrx_word' id='word_1_25' title='bbox 818 1185 952 1266; x_wconf 85' lang='lat' dir='ltr'><strong>solum</strong></span> <span class='ocrx_word' id='word_1_26' title='bbox 967 1183 1065 1291; x_wconf 86' lang='lat' dir='ltr'><strong>quia</strong></span> <span class='ocrx_word' id='word_1_27' title='bbox 1078 1182 1157 1264; x_wconf 90' lang='lat' dir='ltr'><strong>tria</strong></span> 
     </span>
     <span class='ocr_line' id='line_1_5' title="bbox 123 1320 1156 1430; baseline -0.001 -29"><span class='ocrx_word' id='word_1_28' title='bbox 123 1321 199 1428; x_wconf 86' lang='lat' dir='ltr'><strong>ejus</strong></span> <span class='ocrx_word' id='word_1_29' title='bbox 214 1345 397 1430; x_wconf 91' lang='lat' dir='ltr'><strong>tempora</strong></span> <span class='ocrx_word' id='word_1_30' title='bbox 411 1321 529 1404; x_wconf 91' lang='lat' dir='ltr'><strong>citius</strong></span> <span class='ocrx_word' id='word_1_31' title='bbox 549 1323 790 1429; x_wconf 84' lang='lat' dir='ltr'><strong>plerumque</strong></span> <span class='ocrx_word' id='word_1_32' title='bbox 804 1343 1068 1428; x_wconf 86' lang='lat' dir='ltr'><strong>peraguntur,</strong></span> <span class='ocrx_word' id='word_1_33' title='bbox 1087 1320 1156 1402; x_wconf 88' lang='lat' dir='ltr'><strong>sed</strong></span> 
     </span>
     <span class='ocr_line' id='line_1_6' title="bbox 121 1457 1155 1568; baseline 0.001 -30"><span class='ocrx_word' id='word_1_34' title='bbox 121 1460 236 1541; x_wconf 86' lang='lat' dir='ltr'><strong>etiam</strong></span> <span class='ocrx_word' id='word_1_35' title='bbox 256 1459 355 1568; x_wconf 88' lang='lat' dir='ltr'><strong>quia</strong></span> <span class='ocrx_word' id='word_1_36' title='bbox 372 1487 420 1541; x_wconf 84' lang='lat' dir='ltr'><strong>ex</strong></span> <span class='ocrx_word' id='word_1_37' title='bbox 438 1459 501 1540; x_wconf 91' lang='lat' dir='ltr'><strong>his</strong></span> <span class='ocrx_word' id='word_1_38' title='bbox 521 1487 669 1560; x_wconf 91' lang='lat' dir='ltr'><strong>unum,</strong></span> <span class='ocrx_word' id='word_1_39' title='bbox 692 1457 904 1539; x_wconf 89' lang='lat' dir='ltr'><strong>autetiam</strong></span> <span class='ocrx_word' id='word_1_40' title='bbox 928 1459 1013 1540; x_wconf 85' lang='lat' dir='ltr'><strong>duo</strong></span> <span class='ocrx_word' id='word_1_41' title='bbox 1031 1459 1155 1550; x_wconf 87' lang='lat' dir='ltr'><strong>inter-</strong></span> 
     </span>
     <span class='ocr_line' id='line_1_7' title="bbox 122 1593 1255 1708; baseline 0 -34"><span class='ocrx_word' id='word_1_42' title='bbox 122 1595 218 1675; x_wconf 90' lang='lat' dir='ltr'><strong>dum</strong></span> <span class='ocrx_word' id='word_1_43' title='bbox 236 1595 527 1678; x_wconf 83' lang='lat' dir='ltr'><strong>desiderantur.</strong></span> <span class='ocrx_word' id='word_1_44' title='bbox 586 1593 799 1676; x_wconf 87' lang='lat' dir='ltr'><strong>Interdum</strong></span> <span class='ocrx_word' id='word_1_45' title='bbox 817 1594 907 1676; x_wconf 88' lang='lat' dir='ltr'><strong>baec</strong></span> <span class='ocrx_word' id='word_1_46' title='bbox 924 1593 1049 1676; x_wconf 87' lang='lat' dir='ltr'><strong>febris</strong></span> <span class='ocrx_word' id='word_1_47' title='bbox 1068 1621 1155 1674; x_wconf 91' lang='lat' dir='ltr'><strong>uno</strong></span> <span class='ocrx_word' id='word_1_48' title='bbox 1254 1704 1255 1708; x_wconf 7' lang='grc' dir='ltr'><strong><em>Ν</em></strong></span> 
     </span>
     <span class='ocr_line' id='line_1_8' title="bbox 121 1730 1155 1840; baseline 0.002 -30"><span class='ocrx_word' id='word_1_49' title='bbox 121 1752 253 1814; x_wconf 90' lang='lat' dir='ltr'><strong>tenore</strong></span> <span class='ocrx_word' id='word_1_50' title='bbox 281 1754 504 1840; x_wconf 88' lang='lat' dir='ltr'><strong>perseverat</strong></span> <span class='ocrx_word' id='word_1_51' title='bbox 532 1759 680 1839; x_wconf 87' lang='lat' dir='ltr'><strong>paucos</strong></span> <span class='ocrx_word' id='word_1_52' title='bbox 709 1730 793 1812; x_wconf 87' lang='lat' dir='ltr'><strong>dies</strong></span> <span class='ocrx_word' id='word_1_53' title='bbox 813 1731 899 1812; x_wconf 90' lang='lat' dir='ltr'><strong>sine</strong></span> <span class='ocrx_word' id='word_1_54' title='bbox 924 1731 1010 1810; x_wconf 88' lang='lat' dir='ltr'><strong>ulla</strong></span> <span class='ocrx_word' id='word_1_55' title='bbox 1027 1757 1155 1812; x_wconf 88' lang='lat' dir='ltr'><strong>acces-</strong></span> 
     </span>
     <span class='ocr_line' id='line_1_9' title="bbox 121 1865 470 1950; baseline 0.006 -4"><span class='ocrx_word' id='word_1_56' title='bbox 121 1865 224 1950; x_wconf 87' lang='lat' dir='ltr'><strong>sione</strong></span> <span class='ocrx_word' id='word_1_57' title='bbox 243 1869 470 1950; x_wconf 84' lang='lat' dir='ltr'><strong>manifesta.</strong></span> 
     </span>
    </p>

    <p class='ocr_par' dir='ltr' id='par_1_2' title="bbox 115 2003 1208 3592">
     <span class='ocr_line' id='line_1_10' title="bbox 171 2003 1155 2120; baseline -0.001 -35"><span class='ocrx_word' id='word_1_58' title='bbox 171 2005 261 2120; x_wconf 77' lang='lat' dir='ltr'><strong>Qui</strong></span> <span class='ocrx_word' id='word_1_59' title='bbox 288 2003 439 2087; x_wconf 78' lang='lat' dir='ltr'><strong>hectico</strong></span> <span class='ocrx_word' id='word_1_60' title='bbox 459 2027 637 2113; x_wconf 86' lang='lat' dir='ltr'><strong>aegrotat,</strong></span> <span class='ocrx_word' id='word_1_61' title='bbox 664 2005 810 2086; x_wconf 90' lang='lat' dir='ltr'><strong>oborto</strong></span> <span class='ocrx_word' id='word_1_62' title='bbox 828 2003 976 2085; x_wconf 87' lang='lat' dir='ltr'><strong>sudore</strong></span> <span class='ocrx_word' id='word_1_63' title='bbox 993 2029 1155 2110; x_wconf 82' lang='lat' dir='ltr'><strong>parum,</strong></span> 
     </span>
     <span class='ocr_line' id='line_1_11' title="bbox 119 2139 1154 2248; baseline 0.004 -30"><span class='ocrx_word' id='word_1_64' title='bbox 119 2141 176 2222; x_wconf 88' lang='lat' dir='ltr'><strong>vel</strong></span> <span class='ocrx_word' id='word_1_65' title='bbox 186 2167 275 2224; x_wconf 92' lang='lat' dir='ltr'><strong>non</strong></span> <span class='ocrx_word' id='word_1_66' title='bbox 286 2141 457 2223; x_wconf 90' lang='lat' dir='ltr'><strong>omnino</strong></span> <span class='ocrx_word' id='word_1_67' title='bbox 468 2142 590 2224; x_wconf 85' lang='lat' dir='ltr'><strong>levari</strong></span> <span class='ocrx_word' id='word_1_68' title='bbox 602 2169 643 2222; x_wconf 89' lang='lat' dir='ltr'><strong>se</strong></span> <span class='ocrx_word' id='word_1_69' title='bbox 658 2141 797 2242; x_wconf 83' lang='lat' dir='ltr'><strong>sentit3</strong></span> <span class='ocrx_word' id='word_1_70' title='bbox 822 2167 923 2248; x_wconf 85' lang='lat' dir='ltr'><strong>saepe</strong></span> <span class='ocrx_word' id='word_1_71' title='bbox 935 2167 1030 2222; x_wconf 83' lang='lat' dir='ltr'><strong>vero</strong></span> <span class='ocrx_word' id='word_1_72' title='bbox 1042 2139 1154 2224; x_wconf 89' lang='lat' dir='ltr'><strong>haud</strong></span> 
     </span>
     <span class='ocr_line' id='line_1_12' title="bbox 116 2275 1158 2385; baseline 0.002 -27"><span class='ocrx_word' id='word_1_73' title='bbox 116 2275 248 2360; x_wconf 89' lang='lat' dir='ltr'><strong>minus</strong></span> <span class='ocrx_word' id='word_1_74' title='bbox 271 2279 528 2384; x_wconf 87' lang='lat' dir='ltr'><strong>perturbatus</strong></span> <span class='ocrx_word' id='word_1_75' title='bbox 548 2299 607 2360; x_wconf 89' lang='lat' dir='ltr'><strong>est</strong></span> <span class='ocrx_word' id='word_1_76' title='bbox 628 2299 669 2360; x_wconf 87' lang='lat' dir='ltr'><strong>et</strong></span> <span class='ocrx_word' id='word_1_77' title='bbox 686 2277 829 2359; x_wconf 85' lang='lat' dir='ltr'><strong>anxius</strong></span> <span class='ocrx_word' id='word_1_78' title='bbox 848 2299 1067 2385; x_wconf 87' lang='lat' dir='ltr'><strong>postquam</strong></span> <span class='ocrx_word' id='word_1_79' title='bbox 1086 2307 1158 2360; x_wconf 83' lang='lat' dir='ltr'><strong>su-</strong></span> 
     </span>
     <span class='ocr_line' id='line_1_13' title="bbox 116 2403 1156 2522; baseline 0.006 -30"><span class='ocrx_word' id='word_1_80' title='bbox 116 2411 209 2496; x_wconf 85' lang='lat' dir='ltr'><strong>dare</strong></span> <span class='ocrx_word' id='word_1_81' title='bbox 223 2415 409 2522; x_wconf 75' lang='lat' dir='ltr'><strong>coeperit,</strong></span> <span class='ocrx_word' id='word_1_82' title='bbox 428 2443 555 2522; x_wconf 90' lang='lat' dir='ltr'><strong>quam</strong></span> <span class='ocrx_word' id='word_1_83' title='bbox 569 2415 672 2496; x_wconf 90' lang='lat' dir='ltr'><strong>dum</strong></span> <span class='ocrx_word' id='word_1_84' title='bbox 686 2415 889 2516; x_wconf 88' lang='lat' dir='ltr'><strong>horrebat,</strong></span> <span class='ocrx_word' id='word_1_85' title='bbox 903 2437 973 2497; x_wconf 88' lang='lat' dir='ltr'><strong>aut</strong></span> <span class='ocrx_word' id='word_1_86' title='bbox 991 2403 1156 2498; x_wconf 73' lang='lat' dir='ltr'><strong>incales-</strong></span> 
     </span>
     <span class='ocr_line' id='line_1_14' title="bbox 117 2548 1156 2654; baseline 0.006 -25"><span class='ocrx_word' id='word_1_87' title='bbox 117 2549 236 2633; x_wconf 77' lang='lat' dir='ltr'><strong>cebat.</strong></span> <span class='ocrx_word' id='word_1_88' title='bbox 273 2550 429 2635; x_wconf 88' lang='lat' dir='ltr'><strong>Sudore</strong></span> <span class='ocrx_word' id='word_1_89' title='bbox 441 2550 573 2654; x_wconf 91' lang='lat' dir='ltr'><strong>finito,</strong></span> <span class='ocrx_word' id='word_1_90' title='bbox 582 2548 707 2634; x_wconf 91' lang='lat' dir='ltr'><strong>febris</strong></span> <span class='ocrx_word' id='word_1_91' title='bbox 719 2551 928 2633; x_wconf 89' lang='lat' dir='ltr'><strong>interdum</strong></span> <span class='ocrx_word' id='word_1_92' title='bbox 939 2574 1077 2634; x_wconf 85' lang='lat' dir='ltr'><strong>manet</strong></span> <span class='ocrx_word' id='word_1_93' title='bbox 1084 2587 1095 2654; x_wconf 90' lang='lat'>;</span> <span class='ocrx_word' id='word_1_94' title='bbox 1116 2573 1156 2636; x_wconf 89' lang='lat' dir='ltr'><strong>et</strong></span> 
     </span>
     <span class='ocr_line' id='line_1_15' title="bbox 117 2663 1208 2796; baseline 0.005 -32"><span class='ocrx_word' id='word_1_95' title='bbox 117 2685 687 2794; x_wconf 84' lang='lat' dir='ltr'><strong>rigentefebre,frigus,atque</strong></span> <span class='ocrx_word' id='word_1_96' title='bbox 696 2686 1057 2796; x_wconf 88' lang='lat' dir='ltr'><strong>horrorinterdum</strong></span> <span class='ocrx_word' id='word_1_97' title='bbox 1065 2689 1156 2770; x_wconf 90' lang='lat' dir='ltr'><strong>red-</strong></span> <span class='ocrx_word' id='word_1_98' title='bbox 1183 2663 1208 2676; x_wconf 51' lang='grc'><em>”</em></span> 
     </span>
     <span class='ocr_line' id='line_1_16' title="bbox 117 2825 1155 2933; baseline 0.004 -29"><span class='ocrx_word' id='word_1_99' title='bbox 117 2845 211 2907; x_wconf 87' lang='lat' dir='ltr'><strong>eunt</strong></span> <span class='ocrx_word' id='word_1_100' title='bbox 221 2860 234 2927; x_wconf 89' lang='lat'>;</span> <span class='ocrx_word' id='word_1_101' title='bbox 264 2825 382 2932; x_wconf 88' lang='lat' dir='ltr'><strong>quod</strong></span> <span class='ocrx_word' id='word_1_102' title='bbox 400 2825 569 2933; x_wconf 87' lang='lat' dir='ltr'><strong>quidem</strong></span> <span class='ocrx_word' id='word_1_103' title='bbox 587 2845 646 2906; x_wconf 90' lang='lat' dir='ltr'><strong>est</strong></span> <span class='ocrx_word' id='word_1_104' title='bbox 664 2825 935 2906; x_wconf 85' lang='lat' dir='ltr'><strong>certissimum</strong></span> <span class='ocrx_word' id='word_1_105' title='bbox 953 2825 1076 2932; x_wconf 90' lang='lat' dir='ltr'><strong>hujus</strong></span> <span class='ocrx_word' id='word_1_106' title='bbox 1095 2825 1155 2908; x_wconf 85' lang='lat' dir='ltr'><strong>fs-</strong></span> 
     </span>
     <span class='ocr_line' id='line_1_17' title="bbox 116 2958 1154 3070; baseline 0.004 -28"><span class='ocrx_word' id='word_1_107' title='bbox 116 2958 196 3042; x_wconf 87' lang='lat' dir='ltr'><strong>bris</strong></span> <span class='ocrx_word' id='word_1_108' title='bbox 206 2961 392 3070; x_wconf 72' lang='lat' dir='ltr'><strong>signum,</strong></span> <span class='ocrx_word' id='word_1_109' title='bbox 431 2963 913 3069; x_wconf 87' lang='lat' dir='ltr'><strong>Etenimcumpleraeque</strong></span> <span class='ocrx_word' id='word_1_110' title='bbox 924 2961 1009 3042; x_wconf 85' lang='lat' dir='ltr'><strong>aliae</strong></span> <span class='ocrx_word' id='word_1_111' title='bbox 1021 2963 1154 3046; x_wconf 86' lang='lat' dir='ltr'><strong>febres</strong></span> 
     </span>
     <span class='ocr_line' id='line_1_18' title="bbox 116 3093 1156 3207; baseline 0.001 -28"><span class='ocrx_word' id='word_1_112' title='bbox 116 3093 312 3207; x_wconf 87' lang='lat' dir='ltr'><strong>incipiant</strong></span> <span class='ocrx_word' id='word_1_113' title='bbox 323 3098 493 3206; x_wconf 87' lang='lat' dir='ltr'><strong>quidem</strong></span> <span class='ocrx_word' id='word_1_114' title='bbox 504 3099 555 3180; x_wconf 88' lang='lat' dir='ltr'><strong>ab</strong></span> <span class='ocrx_word' id='word_1_115' title='bbox 568 3097 747 3200; x_wconf 88' lang='lat' dir='ltr'><strong>horrore,</strong></span> <span class='ocrx_word' id='word_1_116' title='bbox 757 3097 790 3179; x_wconf 87' lang='lat' dir='ltr'><strong>is</strong></span> <span class='ocrx_word' id='word_1_117' title='bbox 802 3119 940 3181; x_wconf 86' lang='lat' dir='ltr'><strong>tamen</strong></span> <span class='ocrx_word' id='word_1_118' title='bbox 951 3099 1080 3180; x_wconf 87' lang='lat' dir='ltr'><strong>redire</strong></span> <span class='ocrx_word' id='word_1_119' title='bbox 1091 3099 1156 3180; x_wconf 90' lang='lat' dir='ltr'><strong>in-</strong></span> 
     </span>
     <span class='ocr_line' id='line_1_19' title="bbox 116 3233 1156 3361; baseline 0.003 -45"><span class='ocrx_word' id='word_1_120' title='bbox 116 3235 639 3361; x_wconf 60' lang='lat' dir='ltr'><strong>naterdamreldimidiam</strong></span> <span class='ocrx_word' id='word_1_121' title='bbox 646 3233 1156 3344; x_wconf 85' lang='lat' dir='ltr'><strong>horaepartem,febrecon·</strong></span> 
     </span>
     <span class='ocr_line' id='line_1_20' title="bbox 117 3369 1155 3482; baseline 0.006 -32"><span class='ocrx_word' id='word_1_122' title='bbox 117 3369 290 3474; x_wconf 85' lang='lat' dir='ltr'><strong>sistente,</strong></span> <span class='ocrx_word' id='word_1_123' title='bbox 304 3399 391 3453; x_wconf 93' lang='lat' dir='ltr'><strong>non</strong></span> <span class='ocrx_word' id='word_1_124' title='bbox 408 3371 631 3474; x_wconf 87' lang='lat' dir='ltr'><strong>consuevit,</strong></span> <span class='ocrx_word' id='word_1_125' title='bbox 649 3373 728 3456; x_wconf 88' lang='lat' dir='ltr'><strong>nisi</strong></span> <span class='ocrx_word' id='word_1_126' title='bbox 746 3373 792 3454; x_wconf 91' lang='lat' dir='ltr'><strong>in</strong></span> <span class='ocrx_word' id='word_1_127' title='bbox 805 3371 894 3475; x_wconf 90' lang='lat' dir='ltr'><strong>hac,</strong></span> <span class='ocrx_word' id='word_1_128' title='bbox 908 3373 959 3456; x_wconf 87' lang='lat' dir='ltr'><strong>de</strong></span> <span class='ocrx_word' id='word_1_129' title='bbox 977 3401 1061 3482; x_wconf 87' lang='lat' dir='ltr'><strong>qua</strong></span> <span class='ocrx_word' id='word_1_130' title='bbox 1075 3401 1155 3458; x_wconf 87' lang='lat' dir='ltr'><strong>ser-</strong></span> 
     </span>
     <span class='ocr_line' id='line_1_21' title="bbox 115 3531 275 3592; baseline 0.013 -2"><span class='ocrx_word' id='word_1_131' title='bbox 115 3535 183 3590; x_wconf 90' lang='lat' dir='ltr'><strong>mo</strong></span> <span class='ocrx_word' id='word_1_132' title='bbox 201 3531 275 3592; x_wconf 83' lang='lat' dir='ltr'><strong>est.</strong></span> 
     </span>
    </p>

    <p class='ocr_par' dir='ltr' id='par_1_3' title="bbox 112 3645 1159 4569">
     <span class='ocr_line' id='line_1_22' title="bbox 166 3645 1156 3754; baseline 0.002 -28"><span class='ocrx_word' id='word_1_133' title='bbox 166 3645 251 3729; x_wconf 91' lang='lat' dir='ltr'><strong>Hic</strong></span> <span class='ocrx_word' id='word_1_134' title='bbox 265 3645 436 3728; x_wconf 89' lang='lat' dir='ltr'><strong>morbus</strong></span> <span class='ocrx_word' id='word_1_135' title='bbox 447 3645 655 3728; x_wconf 88' lang='lat' dir='ltr'><strong>interdum</strong></span> <span class='ocrx_word' id='word_1_136' title='bbox 666 3667 849 3753; x_wconf 87' lang='lat' dir='ltr'><strong>tempora</strong></span> <span class='ocrx_word' id='word_1_137' title='bbox 861 3667 1073 3728; x_wconf 85' lang='lat' dir='ltr'><strong>suaservat</strong></span> <span class='ocrx_word' id='word_1_138' title='bbox 1084 3671 1156 3754; x_wconf 91' lang='lat' dir='ltr'><strong>per</strong></span> 
     </span>
     <span class='ocr_line' id='line_1_23' title="bbox 113 3779 1159 3884; baseline 0.001 -20"><span class='ocrx_word' id='word_1_139' title='bbox 113 3779 211 3864; x_wconf 81' lang='lat' dir='ltr'><strong>duas</strong></span> <span class='ocrx_word' id='word_1_140' title='bbox 230 3781 300 3864; x_wconf 84' lang='lat' dir='ltr'><strong>vel</strong></span> <span class='ocrx_word' id='word_1_141' title='bbox 328 3800 407 3864; x_wconf 88' lang='lat' dir='ltr'><strong>tres</strong></span> <span class='ocrx_word' id='word_1_142' title='bbox 432 3781 672 3864; x_wconf 87' lang='lat' dir='ltr'><strong>accessiones</strong></span> <span class='ocrx_word' id='word_1_143' title='bbox 692 3809 777 3863; x_wconf 93' lang='lat' dir='ltr'><strong>non</strong></span> <span class='ocrx_word' id='word_1_144' title='bbox 805 3783 942 3864; x_wconf 88' lang='lat' dir='ltr'><strong>minus</strong></span> <span class='ocrx_word' id='word_1_145' title='bbox 962 3805 1159 3884; x_wconf 88' lang='lat' dir='ltr'><strong>accurate,</strong></span> 
     </span>
     <span class='ocr_line' id='line_1_24' title="bbox 115 3915 1159 4026; baseline 0.002 -28"><span class='ocrx_word' id='word_1_146' title='bbox 115 3941 242 4024; x_wconf 88' lang='lat' dir='ltr'><strong>quam</strong></span> <span class='ocrx_word' id='word_1_147' title='bbox 260 3915 351 4000; x_wconf 88' lang='lat' dir='ltr'><strong>fieri</strong></span> <span class='ocrx_word' id='word_1_148' title='bbox 369 3919 469 4000; x_wconf 89' lang='lat' dir='ltr'><strong>solet</strong></span> <span class='ocrx_word' id='word_1_149' title='bbox 486 3918 531 3998; x_wconf 91' lang='lat' dir='ltr'><strong>in</strong></span> <span class='ocrx_word' id='word_1_150' title='bbox 550 3917 709 4025; x_wconf 85' lang='lat' dir='ltr'><strong>vulgari</strong></span> <span class='ocrx_word' id='word_1_151' title='bbox 728 3917 979 4026; x_wconf 84' lang='lat' dir='ltr'><strong>quotidiana,</strong></span> <span class='ocrx_word' id='word_1_152' title='bbox 997 3920 1061 4000; x_wconf 88' lang='lat' dir='ltr'><strong>vel</strong></span> <span class='ocrx_word' id='word_1_153' title='bbox 1079 3941 1159 4000; x_wconf 90' lang='lat' dir='ltr'><strong>ter-</strong></span> 
     </span>
     <span class='ocr_line' id='line_1_25' title="bbox 113 4053 1156 4156; baseline 0.002 -22"><span class='ocrx_word' id='word_1_154' title='bbox 113 4053 239 4138; x_wconf 86' lang='lat' dir='ltr'><strong>tiana:</strong></span> <span class='ocrx_word' id='word_1_155' title='bbox 269 4053 418 4136; x_wconf 86' lang='lat' dir='ltr'><strong>deinde</strong></span> <span class='ocrx_word' id='word_1_156' title='bbox 436 4075 574 4136; x_wconf 88' lang='lat' dir='ltr'><strong>autem</strong></span> <span class='ocrx_word' id='word_1_157' title='bbox 588 4053 636 4154; x_wconf 85' lang='lat' dir='ltr'><strong>fit</strong></span> <span class='ocrx_word' id='word_1_158' title='bbox 649 4053 896 4156; x_wconf 89' lang='lat' dir='ltr'><strong>inconstans,</strong></span> <span class='ocrx_word' id='word_1_159' title='bbox 910 4077 950 4138; x_wconf 91' lang='lat' dir='ltr'><strong>et</strong></span> <span class='ocrx_word' id='word_1_160' title='bbox 963 4055 1156 4136; x_wconf 87' lang='lat' dir='ltr'><strong>circuitus</strong></span> 
     </span>
     <span class='ocr_line' id='line_1_26' title="bbox 113 4175 1158 4301; baseline 0.004 -29"><span class='ocrx_word' id='word_1_161' title='bbox 113 4175 197 4296; x_wconf 85' lang='lat' dir='ltr'><strong>ejus</strong></span> <span class='ocrx_word' id='word_1_162' title='bbox 208 4193 485 4301; x_wconf 77' lang='lat' dir='ltr'><strong>peruubatur.</strong></span> <span class='ocrx_word' id='word_1_163' title='bbox 519 4193 603 4272; x_wconf 86' lang='lat' dir='ltr'><strong>Vix</strong></span> <span class='ocrx_word' id='word_1_164' title='bbox 615 4191 787 4272; x_wconf 87' lang='lat' dir='ltr'><strong>memini</strong></span> <span class='ocrx_word' id='word_1_165' title='bbox 799 4193 925 4299; x_wconf 90' lang='lat' dir='ltr'><strong>spatia</strong></span> <span class='ocrx_word' id='word_1_166' title='bbox 939 4193 1045 4274; x_wconf 89' lang='lat' dir='ltr'><strong>iuter</strong></span> <span class='ocrx_word' id='word_1_167' title='bbox 1057 4221 1158 4300; x_wconf 83' lang='lat' dir='ltr'><strong>qua·</strong></span> 
     </span>
     <span class='ocr_line' id='line_1_27' title="bbox 114 4324 1157 4414; baseline -0.002 -4"><span class='ocrx_word' id='word_1_168' title='bbox 114 4347 208 4411; x_wconf 88' lang='lat' dir='ltr'><strong>tuor</strong></span> <span class='ocrx_word' id='word_1_169' title='bbox 226 4329 470 4414; x_wconf 83' lang='lat' dir='ltr'><strong>accessiones</strong></span> <span class='ocrx_word' id='word_1_170' title='bbox 488 4327 631 4411; x_wconf 87' lang='lat' dir='ltr'><strong>eadem</strong></span> <span class='ocrx_word' id='word_1_171' title='bbox 650 4324 786 4410; x_wconf 84' lang='lat' dir='ltr'><strong>fuisse.</strong></span> <span class='ocrx_word' id='word_1_172' title='bbox 843 4329 1014 4410; x_wconf 89' lang='lat' dir='ltr'><strong>Hectica</strong></span> <span class='ocrx_word' id='word_1_173' title='bbox 1032 4328 1157 4410; x_wconf 92' lang='lat' dir='ltr'><strong>modo</strong></span> 
     </span>
     <span class='ocr_line' id='line_1_28' title="bbox 112 4459 1158 4569; baseline -0.001 -22"><span class='ocrx_word' id='word_1_174' title='bbox 112 4459 225 4549; x_wconf 73' lang='lat' dir='ltr'><strong>mitis</strong></span> <span class='ocrx_word' id='word_1_175' title='bbox 243 4467 336 4569; x_wconf 85' lang='lat' dir='ltr'><strong>erit,</strong></span> <span class='ocrx_word' id='word_1_176' title='bbox 347 4489 389 4554; x_wconf 81' lang='lat' dir='ltr'><strong>et</strong></span> <span class='ocrx_word' id='word_1_177' title='bbox 400 4465 484 4551; x_wconf 83' lang='lat' dir='ltr'><strong>fere</strong></span> <span class='ocrx_word' id='word_1_178' title='bbox 498 4465 624 4566; x_wconf 85' lang='lat' dir='ltr'><strong>nulla,</strong></span> <span class='ocrx_word' id='word_1_179' title='bbox 636 4465 682 4546; x_wconf 92' lang='lat' dir='ltr'><strong>in</strong></span> <span class='ocrx_word' id='word_1_180' title='bbox 698 4464 783 4554; x_wconf 85' lang='lat' dir='ltr'><strong>dies</strong></span> <span class='ocrx_word' id='word_1_181' title='bbox 795 4463 1013 4548; x_wconf 88' lang='lat' dir='ltr'><strong>duodecim</strong></span> <span class='ocrx_word' id='word_1_182' title='bbox 1026 4499 1037 4566; x_wconf 73' lang='grc' dir='ltr'><strong>ς</strong></span> <span class='ocrx_word' id='word_1_183' title='bbox 1068 4493 1158 4548; x_wconf 86' lang='lat' dir='ltr'><strong>mo-</strong></span> 
     </span>
    </p>

    <p class='ocr_par' dir='ltr' id='par_1_4' title="bbox 603 4627 685 4686">
     <span class='ocr_line' id='line_1_29' title="bbox 603 4627 685 4686; baseline 0.024 -2"><span class='ocrx_word' id='word_1_184' title='bbox 603 4627 638 4684; x_wconf 81' lang='lat' dir='ltr'><strong>tt</strong></span> <span class='ocrx_word' id='word_1_185' title='bbox 662 4629 685 4686; x_wconf 84' lang='lat'>2</span> 
     </span>
    </p>
   </div>
   <div class='ocr_carea' id='block_1_2' title="bbox 0 0 1506 5086">
    <p class='ocr_par' dir='ltr' id='par_1_5' title="bbox 0 0 1506 5086">
     <span class='ocr_line' id='line_1_30' title="bbox 0 0 1506 5086; baseline 0 1"><span class='ocrx_word' id='word_1_186' title='bbox 0 0 1506 5086; x_wconf 95' lang='lat' dir='ltr'><strong> </strong></span> 
     </span>
    </p>
   </div>
  </div>
 </body>
</html>
