3050 5084
656 550 757 652 345

182 767 320 850 virum
333 763 541 876 quendam
553 763 1225 870 exercebant‚cujusmorbus‘mul-

184 903 236 994 tis
251 903 490 986 nominibus
504 899 779 988 rheumaticus
796 903 929 1010 potius
944 929 1071 1019 quam
1086 901 1232 982 arthri-

186 1043 290 1134 titus
310 1039 392 1124 dici
411 1039 654 1127 merebatur.

242 1179 327 1262 Nec
339 1205 437 1266 usus
450 1177 603 1276 docuit,
619 1199 752 1292 neque
764 1173 866 1262 ratio
875 1173 1116 1282 excogitavit
1128 1199 1234 1265 certa

186 1313 470 1406 rheumatismi
496 1311 702 1420 remedia,
729 1339 827 1428 quo,
847 1339 931 1390 non
953 1313 1090 1394 minus
1107 1339 1235 1420 quam

186 1447 289 1542 facie
302 1477 387 1551 sua,
399 1447 522 1538 nimis
535 1449 677 1538 similis
689 1469 748 1537 est
761 1447 975 1533 arthritidi.
1036 1451 1128 1528 Hoc
1144 1449 1235 1528 licet

186 1589 388 1704 exaliqua
407 1609 517 1694 parte
533 1585 610 1666 illis
631 1583 822 1688 tribuere,
837 1585 911 1692 qui
930 1585 1097 1666 diversis
1118 1583 1234 1666 malis

187 1725 299 1810 idem
328 1751 482 1813 nomen
514 1723 809 1832 imposuerunt
874 1723 923 1803 In
957 1745 1075 1808 acuta
1108 1721 1236 1827 specie

190 1861 392 1972 plerisque
405 1859 570 1950 medicis
583 1859 734 1968 placuit
742 1889 886 1943 venam
901 1859 1094 1972 incidere3
1123 1859 1236 1968 quod

190 1999 234 2081 in
253 2021 426 2105 cognato
445 1997 592 2082 morbo
608 1997 815 2084 arthritico
836 1997 934 2084 adeo
954 1995 1233 2086 reformidant.

192 2135 244 2217 Et
257 2133 536 2244 proculdubio
547 2133 596 2222 iis
610 2133 895 2241 imperandum
905 2135 1044 2251 estqui
1056 2131 1237 2220 florentis

172 2295 288 2356 stant
307 2271 447 2372 atatis,
470 2269 732 2380 torporisque
751 2273 924 2372 robusti,
953 2269 1109 2379 quique
1129 2299 1238 2352 mor·

190 2411 296 2504 buna
308 2437 444 2504 suum,
456 2437 540 2522 quo
553 2409 677 2498 modo
690 2407 1237 2500 aliosmorboscuminflam·

192 2545 386 2646 mationa,
404 2547 689 2646 contraxerint,
718 2545 893 2632 maxime
914 2547 988 2625 ubi
1017 2573 1162 2654 corpus
1183 2548 1239 2628 la-

190 2685 291 2775 bore
310 2685 549 2774 calefactum
576 2683 728 2792 frigido
748 2685 829 2766 atri
858 2685 1011 2767 diutius
1032 2687 1240 2794 objectum

194 2821 329 2904 fuerit.
387 2823 670 2908 Veruntamen
689 2847 767 2902 usu
797 2821 901 2901 mihi
926 2825 1240 2929 comprobatum

194 2981 254 3042 est
278 2957 456 3066 copiosas
489 2981 529 3042 et
549 2959 714 3042 iteratas·
738 2957 945 3065 sanguinis
975 2960 1238 3044 detractiones

195 3093 397 3214 plerisque
411 3095 456 3176 in
470 3095 548 3186 hoc
562 3123 658 3177 casu
673 3095 995 3204 haudquaquam
1012 3097 1238 3186 convenire,

195 3231 373 3324 Memini
387 3233 675 3340 gravissimum
694 3233 1037 3324 rheumatismum
1052 3235 1095 3313 in
1112 3259 1242 3346 quen.

172 3469 174 3474 Ι
194 3361 294 3460 dam
307 3369 540 3453 incubuisse
559 3371 679 3477 panio
699 3394 790 3477 post
809 3371 1015 3476 ingentem
1032 3371 1241 3486 sanguinis

128 3547 134 3556 ·
195 3529 245 3588 ex
273 3507 441 3598 naribus
460 3507 754 3616 profusionem,
784 3535 875 3615 qua
899 3507 1111 3589 hominem
1140 3533 1242 3616 pens
1319 3518 1322 3526 '

196 3641 445 3746 exhauserat,
463 3665 503 3728 et
517 3647 645 3732 vitam
657 3647 700 3727 in
715 3670 926 3728 summurn
938 3647 1158 3728 discrimen
1171 3647 1242 3727 ad,

198 3779 379 3867 duxerat.
440 3781 554 3864 idem
591 3783 889 3892 propemodum
923 3781 1036 3866 alteri
1074 3809 1242 3894 quoquo

198 3917 415 4025 contigisse
433 3919 544 4037 novi.
1261 3903 1265 3916 ⁸

254 4053 409 4135 Linum
429 4053 711 4157 catharticum,
729 4077 769 4137 et
784 4055 860 4138 alia
880 4083 971 4164 qua
987 4053 1247 4142 vehomenter

197 4191 340 4274 ¹altrum
358 4215 573 4293 movente
593 4193 744 4302 populo
759 4193 805 4274 in
819 4193 1101 4278 rheumatismi
1116 4220 1249 4278 reme«

197 4323 277 4408 diis
289 4351 502 4422 numerata
514 4331 703 4432 fuerunt3
733 4357 824 4438 quae
837 4353 976 4412 tamen
988 4329 1086 4412 adeo
1098 4357 1247 4438 parum

193 4461 473 4572 profecerunt,
501 4490 550 4552 ut
562 4466 653 4576 jam
677 4467 754 4548 diu
773 4449 832 4550 cst
851 4465 966 4578 quod
993 4467 1039 4548 in
1057 4467 1251 4562 desuetu-
1362 4549 1365 4560 ,
