3016 5076
651 510 720 620 59

157 707 305 803 deinde
317 719 565 822 valetudine,
575 721 736 829 integro
748 715 1049 830 quinquennio,
1060 721 1210 808 scilicet

156 857 298 965 quoad
315 857 430 958 vixit,
455 885 528 940 nec
548 857 721 959 asthma,
749 835 823 940 nec
850 859 1029 940 arthritis
1051 887 1209 942 reversa

154 1017 225 1076 est.
275 995 522 1077 Asthmatici
539 995 623 1077 fere
641 997 906 1108 erperiuntur
921 999 1058 1078 morbi
1077 1025 1207 1078 acces-

154 1131 316 1214 sionem
349 1159 483 1232 mane,
518 1159 616 1214 cum
649 1133 833 1239 primum
866 1133 1204 1240 expergiscantur,

153 1270 286 1350 Alvus
306 1269 467 1351 astricta
486 1291 628 1370 nocet3
658 1267 753 1373 fusa·
770 1291 907 1350 tamen
938 1251 1057 1376 longe
1076 1274 1205 1378 magis

152 1425 216 1496 est
229 1404 508 1507 formidanda,
523 1405 722 1514 quoniam
737 1406 926 1512 prohibet
939 1435 1064 1486 usum
1079 1433 1208 1496 reme-

154 1541 328 1622 diorum
360 1543 537 1624 maxime
566 1541 804 1642 efficacium,
830 1569 921 1648 quae
946 1541 1030 1622 fere
1067 1545 1208 1630 omnia

154 1701 344 1761 ventrem
363 1679 602 1780 emolliunt3
632 1679 792 1780 adhoc,
822 1679 1031 1759 indicium
1048 1701 1109 1760 est
1135 1680 1214 1774 has·

154 1817 270 1900 bitus
282 1815 461 1926 corporis
470 1817 682 1918 debilitati,
694 1819 924 1924 morboque
937 1817 1207 1900 succumben-

155 1955 223 2057 tis,
242 1975 337 2036 tum
355 1954 556 2062 praecipue
575 1954 607 2064 si
623 1955 774 2034 arteriae
795 1955 918 2034 simul
937 1955 1204 2036 concitentur.

216 2093 478 2174 Accessiones
515 2091 640 2172 modo
674 2093 862 2198 exiguam
894 2091 1004 2170 horae
1038 2115 1208 2198 partem,

155 2231 291 2311 modo
311 2231 460 2310 multas
490 2229 608 2310 horas
636 2253 814 2310 manent·
874 2228 1099 2341 Difficultas
1126 2233 1208 2336 spi·

156 2367 279 2448 randi
308 2367 440 2472 gravis
468 2367 601 2472 plures
631 2365 754 2446 etiam
785 2393 942 2446 menses
973 2369 1207 2474 permansit,

158 2533 254 2614 quae
273 2502 419 2584 deinde
439 2525 580 2610 sponte
600 2533 673 2584 sua
692 2504 830 2583 mitior
843 2503 947 2584 facta
966 2527 1037 2602 est,
1056 2527 1096 2584 et
1115 2527 1206 2610 post

159 2649 341 2750 quatuor
367 2668 494 2721 annos
524 2667 625 2747 pene
652 2638 780 2721 finita.
840 2642 967 2752 Quod
994 2669 1091 2721 cum
1118 2643 1205 2722 aliis

159 2805 331 2888 quoque
350 2778 565 2884 contigisse
584 2779 723 2884 possit,
751 2805 825 2858 nos
846 2777 942 2859 facit
961 2777 1207 2882 incertiores,

159 2939 368 3025 quantum
380 2915 558 3022 corporis
573 2915 698 3022 ipsius
711 2917 883 3016 viribus,
903 2941 1107 3024 quantum
1122 2945 1207 2997 me·

158 3053 399 3136 dicamentis
415 3053 468 3135 sit
478 3053 757 3134 tribuendum.
817 3053 1030 3134 Interdum
1047 3053 1208 3134 asthma

161 3191 347 3272 ordinate
365 3191 497 3292 rediit,
512 3211 711 3297 tanquam
725 3187 849 3271 febris
865 3189 1149 3291 intermittens,
1168 3213 1209 3273 et

152 3327 303 3409 cortici
322 3327 546 3409 Peruviano
565 3321 694 3408 cessit.

218 3447 361 3547 Motus
381 3465 493 3545 hunc
513 3463 704 3546 affectum
723 3491 869 3571 augere
887 3465 1110 3565 consuevit,
1133 3463 1208 3573 qui

163 3601 373 3686 interdum
401 3627 565 3710 prorsus
585 3603 851 3710 conquiescit,
869 3601 949 3682 nisi
974 3625 1080 3703 tum,
1110 3631 1208 3685 cum

166 3741 304 3848 aegroti
323 3761 579 3840 moveantur,
598 3761 669 3821 aut
680 3767 729 3821 ex
747 3742 828 3820 alto
843 3767 989 3820 somno
1005 3741 1210 3848 'expergis-

166 3897 320 3958 cantur.

218 4015 477 4096 Cubantibus
490 4014 654 4124 spiritus
668 4043 775 4122 saepe
788 4013 956 4116 laborat,
970 4015 1209 4096 etvixeluc-

165 4173 272 4234 tatur
298 4182 370 4260 per
395 4154 556 4254 horam,
576 4175 646 4234 aut
672 4155 763 4260 plus
782 4181 844 4253 eo,
873 4175 1098 4260 antequam
1118 4153 1209 4256 pul-

165 4315 305 4372 mones
321 4287 505 4374 officium
520 4317 644 4371 suum
659 4289 875 4372 ritefacere
890 4311 1054 4397 queant.
1101 4287 1209 4399 Qui-

165 4423 341 4518 busdam
358 4427 482 4516 etiam
502 4417 679 4540 surgere,
704 4448 744 4510 et
763 4429 865 4510 lecto
885 4425 1057 4548 residete
1075 4451 1210 4510 neces·
