3002 5086
734 437 833 540 156

311 653 510 750 Britanni,
538 649 674 734 nescio
705 651 858 759 quibus
878 651 928 732 de
948 654 1090 752 causis,
1118 681 1305 738 summo-

242 787 347 897 pere
374 811 568 870 metuunt
594 817 646 870 ne
675 811 910 896 aegrotantes
933 787 1064 896 frigus
1084 790 1303 898 colligant:

170 1005 175 1013 .
253 950 452 1035 tanquam
466 927 654 1034 gravedo,
674 926 707 1007 si
723 925 835 1010 alteri
850 927 998 1008 morbo
1015 929 1303 1034 superveniret,

252 1039 406 1146 certam
420 1071 575 1146 necem
602 1062 770 1146 afferret.
829 1065 1112 1171 Eripetendum
1131 1088 1190 1149 est
1208 1096 1303 1174 pro-

253 1202 373 1304 fecto,
399 1225 449 1284 uc
477 1202 573 1310 aegri
601 1203 715 1283 nullo
744 1229 854 1284 novo
873 1205 982 1284 malo
1001 1213 1231 1306 onerentur,
1258 1220 1301 1288 et

252 1341 424 1448 proinde
453 1339 588 1448 aliqua
606 1367 703 1420 cura
720 1323 952 1422 adhibenda
969 1364 1041 1442 cst,
1068 1342 1194 1424 modo
1213 1369 1299 1424 non

252 1479 307 1560 sit
334 1478 457 1557 nimi's
486 1476 652 1580 solicita,
679 1505 730 1558 ne
758 1475 860 1559 fiant
878 1478 1145 1584 gravedinosi.
1209 1479 1298 1590 Qui

248 1637 390 1696 autem
395 1614 539 1722 jamin
551 1615 697 1696 morbo
710 1638 819 1715 sunt,
833 1643 917 1696 non
929 1616 1020 1697 ideo
1031 1615 1176 1722 frigori
1187 1616 1298 1698 colli·

251 1751 385 1859 gendo
397 1733 525 1856 magis
538 1735 635 1832 sunt
648 1751 881 1858 opportuni,
900 1752 1145 1860 quamsani3
1163 1780 1298 1860 neque

196 1881 199 1888 Δ
250 1919 373 2000 porro
387 1885 613 1989 destillatio,
633 1889 666 1970 si
677 1889 842 1990 accidat,
861 1891 1026 1972 morbos
1040 1892 1137 1972 alios
1151 1893 1197 1972 in
1210 1913 1297 1972 tam
1355 1957 1359 1962 .

163 2052 168 2068 '
241 2049 410 2110 certum
433 2027 661 2134 periculum
679 2027 912 2134 praecipitat,
939 2048 988 2108 ut
1007 2055 1092 2108 non
1111 2037 1212 2134 saepe
1230 2055 1299 2108 ex·

245 2163 387 2273 pediat
405 2163 441 2244 ei
461 2187 616 2268 agrum
630 2161 815 2270 objicere,
834 2164 969 2271 potius
989 2193 1117 2272 quam
1135 2165 1296 2246 aditum

251 2327 419 2382 omnem
461 2300 543 2380 ae'ri
582 2325 686 2404 puro
728 2329 774 2380 ac
817 2302 979 2382 salutari
1018 2302 1294 2384 intercludere.

250 2435 437 2544 Cognovi
466 2459 683 2542 aegrotum,
711 2437 785 2544 qui
803 2439 1113 2545 erumpentibus
1134 2439 1295 2520 variolis

248 2575 400 2658 delirus
418 2571 548 2653 factus
568 2595 678 2655 arms
697 2601 791 2654 suos
811 2601 1038 2681 corpusque
1057 2575 1156 2656 adeo
1169 2575 1296 2681 jacta-

239 2713 333 2813 ·bat,
350 2733 400 2793 ut
413 2711 527 2790 nullo
542 2710 667 2792 modo
681 2711 851 2792 detineri
864 2713 1054 2818 potuerit,
1073 2714 1176 2821 quin
1193 2721 1294 2820 s'aepe

241 2848 386 2932 ‹nudus
406 2869 519 2947 esset,
544 2869 585 2928 et
601 2846 732 2954 frigus
753 2877 919 2956 quoque
938 2835 1153 2955 colligeret,
1181 2850 1295 2958 quod

235 2983 513 3069 ¹manifestum
531 2984 715 3066 fecerunt
733 2985 944 3066 destillatio
963 3011 1085 3093 atque
1101 2977 1293 3088 raucitas3

246 3145 398 3225 tamen,
436 3145 642 3231 quantum
680 3123 871 3224 intellexi,
910 3123 987 3204 hoc
1022 3125 1292 3206 adventitium

245 3262 404 3342 malum
432 3289 564 3368 neque
593 3261 872 3342 maturitatem
899 3260 1146 3342 rariolarum
1164 3262 1293 3368 impe-

245 3397 336 3497 diit,
353 3425 428 3479 nec
441 3397 600 3480 febrem
611 3379 741 3498 ’auxit,
759 3425 893 3506 neque
908 3400 1105 3479 cenationi
1121 3399 1291 3508 omnino

245 3533 414 3617 obstitit.
451 3536 1053 3618 Necverotanturnmodoutile
1066 3559 1144 3636 est,
1157 3543 1290 3617 aiirern

245 3670 424 3753 cubiculi
443 3699 545 3780 saepe
563 3699 769 3774 renovare,
798 3673 867 3778 sed
889 3673 1012 3754 etiam
1030 3701 1197 3780 vapores
1216 3703 1292 3780 pu-

244 3831 324 3891 tres
352 3809 562 3918 corrigere,
590 3805 783 3892 instillato
811 3833 922 3894 aceto
950 3811 996 3891 in
1022 3837 1092 3892 vas
1111 3810 1290 3892 ferreum

241 3945 496 4047 calefactum,
517 3947 646 4030 donec
665 3948 916 4030 exhalatione
934 3948 1048 4030 acida
1066 3970 1203 4029 torum
1220 3975 1289 4030 cu-

241 4082 429 4164 biculum
443 4085 657 4191 repleatur.

296 4219 430 4301 Urina
456 4221 604 4328 pallida
623 4221 810 4303 et'diluta
827 4219 1007 4304 infausta
1024 4244 1084 4302 est
1101 4221 1149 4300 in
1164 4217 1289 4302 febri-

239 4354 332 4456 bus,
359 4357 439 4440 nisi
458 4358 533 4442 ubi
552 4359 910 4465 aeger'potion‘rbus
930 4360 1122 4443 tenuibus
1137 4349 1286 4460 immo}
