3002 5086
792 507 890 612 166

317 722 442 806 nimis
462 747 597 806 secure
616 721 693 806 illis
713 719 897 824 confidit,
919 749 982 806 nae
1002 721 1067 804 ille
1090 751 1131 806 te
1151 723 1356 806 interdurn

318 861 432 942 haud
450 860 706 942 mediocriter
717 861 906 942 delusum
922 861 1073 942 sentiet.
1132 861 1220 942 Uni
1239 889 1287 943 ex
1300 861 1358 942 vi-

110 1087 116 1102 ,
209 1097 221 1120 p
320 997 439 1104 ginti,
461 1019 509 1078 ut
528 996 713 1103 conjicio,
737 997 829 1080 licet
848 997 987 1078 omnia
1005 997 1239 1080 insanabilis
1264 998 1359 1083 malj
1488 1021 1489 1040 r

320 1135 437 1242 ¹cigna
449 1135 543 1235 sint,
557 1155 597 1216 et
608 1133 710 1214 vires
727 1155 848 1240 atque
860 1135 1048 1244 valetudo
1067 1135 1197 1218 indies
1216 1163 1360 1217 consu·

277 1357 284 1370 ,
320 1294 500 1372 mantnt,
518 1269 670 1352 arteriae
684 1297 816 1377 usque
835 1269 886 1350 ad
901 1270 1045 1352 mortis
1064 1270 1210 1352 horam
1229 1299 1360 1380 neque

320 1408 511 1509 celeriter,
528 1435 602 1489 nec
622 1435 871 1514 quocunque
887 1408 1011 1488 modo
1032 1408 1259 1490 inordinate
1274 1437 1362 1490 mo-

321 1567 482 1646 rentur,
500 1543 569 1626 aed
587 1571 751 1650 prorsus
770 1567 819 1625 ut
837 1544 881 1624 in
900 1545 1055 1651 optima
1070 1546 1248 1626 sanitate.

376 1681 635 1798 Suppuratio,
662 1680 707 1762 in
727 1707 975 1789 quacunque
993 1681 1165 1763 demum
1184 1680 1359 1788 corporis
1490 1764 1491 1796 Ν

321 1840 433 1927 parte
445 1818 610 1918 orietur,
623 1815 782 1900 febrem
796 1819 1046 1925 propositam
1057 1817 1260 1917 excitabit,
1271 1843 1362 1926 quac

321 1976 460 2048 tamen
471 1955 908 2062 majoreminmodum
919 1955 1082 2062 propria
1092 1977 1152 2037 ert
1163 1953 1363 2061 glandulae

322 2093 529 2210 acirrhosae
542 2089 818 2192 inflammatae,
833 2091 959 2199 idque
971 2093 1022 2174 ab
1035 2093 1123 2199 ipso
1135 2089 1364 2172 inflamma·
1491 2151 1492 2174 r

323 2229 445 2314 tionis
472 2229 614 2310 initio:
643 2227 767 2310 febris
787 2256 883 2324 vero
902 2229 1031 2311 indies
1055 2228 1272 2336 augebitur
1289 2255 1364 2336 pro

266 2363 290 2400 ⁴*
323 2366 450 2448 modo
461 2363 807 2466 inflammationis,
821 2388 892 2448 aut
902 2365 1172 2465 ulcerationis,
1184 2387 1255 2446 aut
1266 2391 1366 2471 gan·

323 2529 491 2610 graenae.
548 2505 607 2617 Ea
625 2503 1151 2610 eetglandularumnatura,
1176 2523 1224 2583 ut
1242 2501 1364 2609 bujut
1492 2573 1493 2584 r

323 2640 480 2746 generis
500 2637 665 2722 affectus
685 2668 769 2721 non
799 2641 933 2720 solum
951 2641 996 2720 in
1026 2641 1175 2720 multos
1196 2665 1365 2740 mentes,

325 2775 396 2858 ced
414 2775 622 2876 interdum
641 2777 686 2858 in
699 2803 826 2857 annot
846 2777 1139 2884 aliquotaegros
1160 2775 1333 2858 trahant.

382 2913 470 2994 Ubi
488 2910 759 2996 inflammatio
777 2941 827 2994 ex
845 2913 1000 2996 acirrho
1015 2914 1141 2996 oculis
1161 2933 1283 3021 patet,
1300 2941 1365 2996 oc-

326 3072 497 3158 cupatve
526 3051 780 3157 pulmonem,
807 3073 878 3132 aut
908 3051 984 3132 alia
1011 3029 1162 3132 vincera
1187 3077 1365 3160 quorum

216 3209 219 3214 ·
325 3187 489 3293 cognita
507 3185 638 3270 officia
656 3209 766 3288 eunt,
794 3215 912 3270 cauea
931 3188 1102 3296 quidem
1129 3189 1265 3300 morbi
1283 3215 1367 3280 ma·

327 3323 569 3406 nifestaerit
631 3323 758 3438 Quod
773 3325 908 3432 sipara
921 3325 1066 3408 vitiosa
1082 3325 1265 3408 sensibus
1276 3351 1366 3406 noe-

224 3499 230 3508 =
329 3459 401 3542 tris
417 3459 683 3562 subtrabitur,
697 3462 760 3543 vel
772 3461 1005 3546 facultatem
1020 3461 1142 3544 habet
1154 3464 1367 3545 obscuram

312 3700 316 3709 ἱ
331 3597 395 3678 vel
406 3596 602 3702 ignotam,
608 3595 747 3700 febrit,
758 3627 850 3707 quae
861 3621 959 3682 tunc
971 3599 1128 3702 incidit,
1139 3601 1191 3682 ab
1198 3598 1366 3682 incautis

328 3731 582 3816 existimatur
596 3762 678 3816 esre
692 3737 863 3818 morbus
879 3737 1121 3846 praecipuus,
1139 3739 1202 3818 vel
1221 3739 1338 3822 solur.

384 3873 604 3978 Puerperae,
614 3894 778 3979 propter
790 3873 875 3954 vim
887 3895 1018 3977 utero,
1029 3897 1069 3958 et
1075 3875 1262 4002 partibus
1274 3873 1368 3956 vici-

328 4005 392 4090 nia
413 4007 652 4109 adhibitam,
669 4008 744 4091 hac
763 4008 876 4092 febre
894 4010 977 4092 fere
996 4006 1242 4094 moriuntur.

348 4153 359 4180 ⁴
385 4147 593 4249 Mulieres,
607 4173 698 4254 quae
713 4173 871 4230 annum
887 4148 1280 4257 quinquagesimum
1292 4149 1367 4232 im·

331 4283 556 4390 pleverunt,
583 4284 646 4368 rel
662 4307 927 4384 excesserunt,
947 4285 1044 4368 huic
1058 4286 1208 4370 morbo
1226 4309 1367 4394 oppor-

332 4419 512 4526 tuniores
527 4442 634 4506 eunt.
683 4421 860 4524 Etenim,
882 4423 1103 4508 menstruis
1121 4420 1262 4526 finitis,
1275 4420 1367 4510 acir-
