3002 5086
755 395 853 497 160

278 610 453 691 modum
472 609 535 690 bis
565 609 748 716 quotidie
774 635 933 690 sumere
961 635 1032 715 per
1050 609 1189 692 decem
1219 613 1320 696 alios

275 749 372 828 dies.
427 747 515 859 Qui
527 746 578 826 ad
593 746 670 828 hoc
685 746 965 852 praecriptum
978 747 1125 828 cortice
1135 770 1323 850 utantur,

276 885 477 969 rarissime
491 911 560 990 spe
575 911 648 962 sua
660 881 980 965 frustrabuntur.
1040 884 1170 996 Quod
1181 885 1214 966 si
1225 887 1319 992 pul·

276 1049 413 1102 rerem
439 1041 600 1127 respuat
621 1021 815 1126 palatum,
843 1021 907 1100 vel
925 1019 1172 1120 stomachus,
1198 1051 1317 1128 aquae

274 1161 320 1238 in
339 1185 422 1265 qua
439 1178 573 1238 cortex
587 1156 775 1237 decoctus
789 1178 848 1238 est
860 1157 989 1240 unciae
1004 1156 1095 1238 duae
1109 1157 1220 1240 idem
1230 1158 1316 1240 fere

272 1294 469 1375 valebunt
493 1321 538 1373 ac
568 1292 762 1374 drachma
786 1294 977 1400 pulveris,
1003 1315 1043 1376 et
1067 1293 1199 1378 vicem
1226 1295 1313 1402 ejus

272 1431 514 1538 implebunt.
572 1432 713 1512 Exitus
733 1431 867 1512 adhuc
893 1431 1039 1512 certior
1057 1431 1148 1533 erit,
1180 1433 1213 1512 si
1240 1461 1312 1540 per

273 1597 434 1676 aegrum
462 1571 577 1651 liceat
594 1569 764 1676 singulis
792 1568 856 1650 his
875 1567 1111 1678 potionibus
1141 1570 1310 1676 adjicere

172 1683 176 1690 .
269 1709 436 1790 extracti
454 1708 668 1790 cinchonae
696 1707 949 1814 scrupulum,
973 1707 1038 1788 vei
1066 1707 1311 1790 semidrach-

268 1875 393 1926 mam.
451 1846 568 1926 Pueri
581 1843 781 1951 quifebre¹
796 1843 1310 1952 intermittenteimplican-

267 2006 337 2065 tur
345 1983 413 2063 vix
422 1983 681 2065 sustinebunt
690 1981 812 2088 hujus
822 1981 1108 2063 medicamenti
1117 1981 1309 2066 devorare

268 2119 382 2228 quod
394 2120 487 2201 satis
498 2142 558 2201 est
569 2119 621 2200 ad
632 2117 789 2200 febrem
801 2118 1032 2200 tollendam.
1062 2119 1142 2199 His
1153 2119 1307 2228 optime

183 2289 188 2296 ·
267 2255 510 2337 convenient
526 2255 691 2338 extracti
710 2255 883 2356 corticis,
910 2253 1100 2355 sacchari,
1127 2255 1309 2362 singulo-

266 2419 362 2476 rum
390 2394 618 2500 scrupulus‚
645 2417 765 2500 aquae
791 2391 1008 2492 cochleare,
1035 2413 1076 2474 et
1103 2393 1310 2501 sesquico-

264 2530 419 2613 chleare
438 2530 562 2614 lactis.
604 2531 706 2611 ‘Ubi
721 2552 858 2612 autem
872 2531 936 2611 vel
950 2529 995 2610 in
1009 2529 1167 2636 puerili,
1181 2529 1304 2614 velin

262 2689 424 2748 matura
442 2688 569 2768 aetate,
595 2666 826 2748 stomachus
846 2666 924 2747 hoc
942 2665 1047 2747 ferre
1075 2666 1303 2748 remedium

263 2805 378 2886 nullo
405 2805 532 2886 modo
559 2825 702 2912 potest,
728 2827 778 2886 ut
804 2826 853 2884 ut
884 2825 1159 2911 temperatum
1185 2806 1303 2888 noris

258 2942 456 3044 misturis,
473 2965 565 3024 tum
580 2941 795 3023 infundere
806 2962 964 3048 oportet
975 2967 1024 3021 ex
1038 2941 1298 3032 inferioribus

258 3081 443 3188 partibus
456 3081 609 3163 dococti
623 3079 832 3162 cinchonae
842 3067 982 3160 uncias
995 3101 1089 3180 tres,
1103 3079 1166 3161 vel
1178 3082 1301 3188 quin-

259 3243 354 3323 que,
380 3217 443 3298 bis
464 3216 660 3324 quotidie,
689 3217 840 3326 quibus
859 3215 996 3299 licebit
1013 3216 1185 3323 adjicere
1209 3219 1302 3325 pul·

257 3353 376 3453 veris,
404 3375 475 3434 aut
502 3353 667 3434 extracti
692 3353 861 3462 aliquid,
888 3375 929 3436 et
956 3381 1102 3460 paucas
1131 3353 1300 3464 insuper

256 3507 391 3594 guttas
403 3489 592 3573 tincturre
606 3490 703 3598 opii,
712 3512 761 3602 ut
772 3491 956 3572 easalvus
968 3489 1147 3572 retineat.
1190 3492 1301 3605 Qui-

158 3700 162 3710 .
255 3625 353 3706 dam
371 3651 631 3734 speraverunt
649 3627 723 3710 hos
737 3657 867 3736 aegtos
882 3657 1020 3712 sanare
1034 3629 1298 3712 immittendo

254 3763 375 3871 pedes
400 3791 471 3872 per
499 3765 656 3868 horam,
684 3791 756 3850 aut
787 3767 975 3874 amplius,
1003 3768 1226 3877 inaquam
1250 3767 1300 3848 in

254 3927 337 4010 qua
355 3925 490 3984 cortex
515 3903 761 3986 Peruvianus
783 3905 979 3988 decoetus
998 3929 1078 4006 est;
1105 3905 1219 4013 quod
1237 3927 1297 3986 ta-

252 4067 349 4123 men
360 4040 511 4123 frustra
522 4063 725 4124 tentatum
737 4043 836 4124 vidi.
878 4045 1039 4144 Cortex,
1055 4069 1295 4150 quanquam

251 4181 327 4261 rite
345 4169 519 4282 sumtus,
545 4181 754 4264 interdum
773 4207 920 4290 parum
938 4180 1078 4264 efficax
1096 4205 1179 4264 est:
1209 4205 1293 4289 quo

250 4315 297 4396 in
306 4344 400 4398 casu
414 4307 589 4425 suspicio
600 4320 676 4400 erit
685 4321 961 4402 ventriculum
969 4320 1158 4404 sordibus
1171 4343 1293 4404 onus-
