3104 5084
206 694 295 797 lexi,
313 721 448 805 neque
463 724 616 799 sensus,
629 724 704 782 nec
721 719 859 782 motus
876 725 1063 882 unquam
1081 727 1244 816 recupe·
1297 689 1303 702 ’

206 855 328 916 ratus
325 833 438 917 est*.
841 887 850 896 -

258 969 381 1053 Nulla
390 991 450 1054 est
464 971 592 1054 anim
578 971 770 1056 facultas
785 999 913 1080 quam
925 971 1117 1082 paralysis
1129 970 1285 1054 infir-

202 1133 313 1192 mate
345 1135 431 1190 non
464 1109 612 1218 possit.
641 1138 687 1192 sa
717 1117 854 1192 autem
887 1138 979 1218 quae
1009 1110 1245 1194 moderatur

201 1244 426 1349 affectibus,
452 1269 492 1330 et
510 1247 730 1348 memoriae,
758 1273 839 1354 prae
868 1247 1017 1328 caeteris
1049 1249 1243 1330 omnibus

190 1353 633 1480 ,debilitariconsuevit
677 1387 820 1492 Neque
832 1407 969 1466 tamen
980 1383 1095 1465 valde
1108 1385 1244 1468 ausim
1289 1408 1298 1494 ᾖ

123 1593 125 1598 ,
199 1519 400 1607 affirmare
419 1521 583 1605 affectus
599 1543 644 1632 et
670 1521 912 1604 memoriam
930 1523 1242 1629 opportuniores

196 1685 282 1745 esse
296 1658 470 1767 injuriis,
484 1687 612 1768 quam
622 1658 957 1766 imaginationem
971 1679 1011 1740 et
1017 1657 1241 1765 judicium:

197 1821 344 1878 verum
362 1795 587 1878 innumerae
619 1796 844 1878 occasiones
875 1817 1055 1902 arguunt
1085 1823 1243 1878 memo-

195 1931 303 2016 riam
317 1933 520 2060 amissam,
539 1934 602 2022 vel
616 1933 813 2040 puerilem
827 1931 949 2013 istam
963 1931 1090 2012 animi
1109 1925 1242 2048 imposs

193 2067 381 2171 tentiam,
392 2097 484 2180 quae
496 2071 593 2153 sinit
607 2071 820 2154 hominem
830 2068 974 2150 dedere
986 2097 1025 2151 se
1038 2068 1241 2178 lacrymis,

195 2207 260 2288 rel
278 2206 339 2289 ira
367 2229 438 2290 aut
456 2208 606 2331 gaudio
633 2206 808 2288 inaniter
825 2203 982 2306 efferri3
1011 2203 1116 2286 dum
1134 2205 1238 2290 vires

193 2341 497 2450 imaginationis
543 2365 583 2426 et
622 2341 769 2450 judicii
814 2341 944 2428 rarius
990 2363 1239 2442 exercentur,

191 2505 329 2590 neque
347 2507 441 2568 sane
459 2485 613 2562 earum'
628 2478 812 2562 debilitas
832 2499 918 2562 tam
938 2475 1149 2560 manifeste
1168 2507 1238 2585 ap-

190 2641 318 2730 paret.
376 2619 518 2727 Itaque
555 2616 847 2702 detrimentum
884 2615 997 2698 haud
1033 2615 1236 2698 mediocre

189 2757 255 2840 his
278 2754 407 2858 animi
434 2755 693 2840 facultatibus
712 2754 855 2836 inferri
882 2773 1014 2862 potest
1031 2751 1106 2834 diu
1124 2773 1236 2833 ante-

190 2921 322 3004 quam
341 2891 675 3001 deprehendatur.

244 3027 407 3118 Infiniti
425 3029 508 3113 fere
525 3050 622 3112 sunt
644 3026 796 3136 gradus
815 3025 1115 3126 imbecillitatis,
1129 3055 1233 3134 quos
1284 3024 1286 3028 ’

186 3167 368 3270 animm,
394 3165 560 3274 perinde
579 3193 624 3248 ac
643 3191 803 3272 corpus,
830 3161 1148 3273 paralyticorum
1165 3191 1234 3246 ex-

185 3305 357 3414 peritur.
414 3302 633 3386 Nonnullis
662 3329 712 3384 ex
731 3301 892 3420 sinistra
920 3323 1032 3408 parts
1051 3301 1231 3408 corporis

115 3449 120 3456 '
184 3439 483 3542 laborantibus,
502 3438 655 3548 quibus
675 3465 756 3519 vox
773 3437 895 3520 etiam
915 3435 1097 3544 perierat,
1115 3461 1231 3520 mens
1353 3469 1360 3483 ·

184 3579 289 3662 adeo
307 3578 501 3679 constitit,
525 3599 587 3678 ut,
615 3603 712 3660 cum
729 3575 869 3658 dextra
887 3601 1033 3656 manus
1052 3593 1153 3657 esset
1167 3574 1231 3653 in-

184 3715 374 3816 columis,
385 3715 598 3798 scribendo
611 3713 704 3796 satis
716 3712 914 3794 declarare
925 3709 1115 3810 valerent,
1126 3709 1230 3818 quid

184 3853 395 3956 sentirent,
422 3875 462 3936 et
491 3851 595 3961 quid
624 3850 703 3954 sibi
732 3847 820 3932 fieri
847 3849 1005 3930 vellent.
1063 3849 1112 3930 In
1141 3845 1228 3930 aliis

225 4115 245 4156 ³
266 4113 440 4177 &mazam
454 4111 543 4176 refert
564 4133 594 4174 se
606 4113 741 4176 olitorem
764 4091 913 4192 quendam
927 4109 1071 4170 curavisse
1090 4093 1231 4186 paralysi:

183 4234 267 4286 cum,
286 4217 316 4278 in
333 4219 417 4297 cujus
437 4215 529 4278 altero
546 4237 630 4278 crure
653 4218 795 4278 extinctus
814 4213 909 4274 omnis
931 4189 1120 4280 metuisset,
1140 4207 1228 4268 illaeso

183 4337 281 4392 sensu,
300 4319 330 4380 in
339 4317 432 4380 altero
461 4319 586 4380 abolitus
599 4340 707 4390 sensus,
726 4315 864 4380 movendi
882 4330 1024 4398 potestate
1038 4315 1151 4396 integra
1165 4330 1227 4376 ma*

181 4435 280 4504 semu
320 4423 575 4508 DeMoertp'f.
595 4443 626 4506 p.
640 4426 710 4486 286.
724 4421 761 4484 E.
