3050 5084
664 437 763 538 381

193 651 284 760 guis
303 677 352 732 ex
370 669 486 732 utero
505 665 598 732 tum
615 647 714 730 ferri
744 647 923 754 incipiat,
949 674 1044 730 curu
1064 641 1236 756 pustuiae
1295 689 1302 698 ·

193 816 334 874 ornnes
353 787 536 884 exierint,
554 807 595 868 et
613 809 661 867 ut
681 783 783 867 fluat
802 785 926 866 modo
945 807 1094 886 unum,
1113 785 1239 866 modo

193 927 380 1033 quinque
392 924 488 1006 dies.
530 925 623 1004 Hoc
636 917 902 1028 profluvium,
914 949 1156 1030 quanquam
1168 949 1241 1004 na·

193 1062 317 1146 turali
336 1061 550 1168 copiosius·
568 1087 653 1140 non
672 1057 835 1142 videtur
851 1059 1079 1146 maturitati
1098 1081 1241 1166 pustu-
1274 1053 1276 1058 ’

192 1197 329 1280 larum
340 1197 533 1299 obfuisse,
547 1225 680 1304 neque
691 1197 794 1278 vires
806 1195 965 1302 aegrotis
979 1176 1239 1300 subduxisse;

193 1335 368 1442 ideoque
383 1335 486 1416 nihii
500 1333 637 1419 moliri
651 1355 809 1440 oportet
826 1333 878 1414 ad
893 1327 1134 1440 sanguinein
1147 1357 1243 1442 sup-

194 1471 474 1579 primendum,
501 1469 658 1552 etiamsi
677 1470 795 1552 nobis
825 1491 1082 1576 suppeterent
1111 1497 1240 1554 reme-

195 1609 277 1712 dia,
295 1629 387 1716 quae
407 1629 574 1690 certo'et
592 1629 683 1690 tuto
703 1606 748 1688 id
766 1605 920 1690 efficere
939 1607 1128 1689 valerent

174 1731 182 1740 ’
252 1746 386 1826 Urina
404 1767 584 1846 cruenta,
610 1771 701 1852 quae
715 1743 809 1851 jure
835 1765 1074 1828 numeratur
1092 1743 1138 1824 in
1156 1771 1245 1852 pes-

199 1881 312 1964 simis
333 1882 581 1964 variolarum
599 1881 738 1987 signis,
757 1882 919 2000 accpasit
940 1881 1006 1964 die
1025 1882 1171 1990 quinto
1190 1883 1244 1964 ab
1282 1881 1284 1884 ’

197 2017 318 2100 initio
332 2017 620 2124 aegrotationis:
651 2019 822 2124 pustulae
838 2017 988 2100 interea
1002 2017 1070 2100 vix
1084 2017 1245 2100 eminu-

188 2176 320 2238 erunt
339 2179 458 2262 super
477 2155 679 2262 reliquam
698 2177 848 2256 cutem,
866 2155 1123 2258 nisi-leviter,
1141 2179 1181 2240 et
1199 2156 1245 2240 in

176 2291 451 2398 paucissimis
480 2291 602 2391 locir3
641 2291 686 2371 in
718 2291 920 2398 plerisque
950 2291 1035 2372 aliis
1066 2293 1244 2400 corporis

201 2427 384 2537 partibus
414 2449 550 2512 cutem
577 2427 866 2510 tantummodo
895 2449 1140 2510 notaverunt
1158 2457 1245 2512 ma·

201 2566 303 2649 culis
323 2565 550 2672 purpureis,
578 2586 649 2646 aut
667 2563 881 2646 vibicibus.
938 2565 1090 2666 Venter
1110 2566 1155 2646 iu
1179 2565 1244 2648 hia

204 2705 362 2810 aegrotis
378 2702 510 2786 reddit
528 2723 719 2802 cruenta;
748 2723 788 2783 et
805 2703 900 2808 ipsae
915 2702 1102 2810 lacryma
1121 2701 1246 2786 inter·

203 2840 308 2922 dum
325 2837 495 2922 fuerunt
520 2837 716 2946 sanguine
733 2837 879 2920 tinctae.
940 2837 1068 2952 Quod
1087 2839 1121 2920 si
1139 2840 1244 2922 cutis

205 2976 354 3058 alicubi
376 2975 481 3058 forte
511 2975 656 3058 detrita
675 2975 739 3073 sit,
768 2973 930 3081 sanguis
960 2976 1245 3058 erulnusculo

205 3113 460 3196 multosdies
480 3111 706 3212 exstillavit,
724 3133 764 3192 et
783 3139 886 3218 aegre
900 3109 1080 3192 cohiberi
1098 3113 1243 3218 potuit.

207 3248 461 3356 Hujusmodi
494 3249 590 3356 aegri
625 3247 821 3356 deplorati
854 3273 1008 3348 omnes,
1040 3271 1246 3357 quotquot

207 3387 314 3488 vidi,·
323 3387 441 3468 tertio
460 3387 523 3468 vel
549 3407 694 3494 quarto
718 3385 974 3492 pustularum
992 3385 1057 3466 die
1073 3385 1247 3472 decesse-

208 3548 317 3610 runt.
365 3526 525 3606 Verum
535 3522 610 3606 ubi
622 3523 761 3620 omnia
775 3523 851 3604 alia
862 3519 1038 3606 infausta
1050 3523 1252 3631 signaab-

208 3661 391 3762 fuerunt,
408 3661 529 3744 urina
542 3660 760 3742 interdum
786 3659 913 3760 fusca,
931 3661 995 3740 vel
1013 3660 1141 3768 nigra,
1168 3664 1248 3744 im-
1372 3721 1373 3726 Ν

208 3827 319 3908 pune
338 3799 493 3882 reddita
504 3819 576 3902 eat,
594 3797 715 3880 etiarn
727 3797 867 3878 inillis
888 3798 961 3904 qui
979 3796 1033 3878 ab
1044 3825 1161 3880 arena
1175 3819 1248 3882 aut

210 3937 364 4025 calculo
389 3933 505 4018 liberi
523 3933 702 4018 fuerunt.
734 3989 736 3994 -
761 3931 811 4014 In
831 3932 1123 4042 variolis,·quae
1141 3935 1248 4018 inter

99 4163 102 4168 ,
210 4073 339 4156 bonas
351 4074 557 4182 malasque
568 4070 710 4154 mediae
722 4091 848 4172 erant,
862 4069 981 4152 urina
992 4071 1137 4178 quinto
1151 4099 1248 4178 pus·
1364 4134 1368 4151 .

210 4211 393 4294 tularum
407 4209 476 4290 die
487 4210 604 4316 nigra
621 4207 714 4310 finit,
727 4233 801 4290 nec
820 4205 872 4288 ad
892 4207 1257 4290 columnatum..

211 4347 307 4452 lem,
320 4345 398 4432 nisi
409 4365 688 4458 postquatuor
698 4343 798 4448 dies,
811 4341 938 4428 rediit
979 4343 1248 4430 inaliouriua
