3050 5084
774 475 879 579 366
947 472 955 484 ’

296 711 513 772 &strumosae
526 687 735 770 interdum
746 689 955 797 sanguinis
963 689 1197 772 missionem
1208 710 1345 797 postu-

300 825 397 923 lant,
417 849 542 931 quem
562 853 633 931 per
651 825 860 908 hirudines
879 826 1086 908 detrahere
1104 825 1345 908 convenien-

299 961 506 1043 tissimum
524 983 605 1044 est:
635 983 825 1070 quatuor,
844 964 906 1045 vel
926 964 1074 1070 plures,
1090 962 1342 1069 temporibus

300 1120 398 1178 sunt
426 1098 689 1180 admovendae
709 1121 869 1207 quarto,
898 1101 961 1182 vel
981 1099 1152 1206 septimo
1179 1125 1345 1206 quoque

203 1281 208 1290 ·
299 1234 379 1335 die,
406 1235 450 1314 in
481 1262 662 1317 mensem
692 1235 913 1344 integrum,
940 1237 1005 1318 vel
1030 1237 1196 1318 diutius.
1253 1236 1346 1316 Plu-

236 1443 240 1458 ,
300 1369 404 1452 rima
418 1371 585 1480 collyria
599 1373 867 1474 celebrantur,
883 1393 924 1454 et
938 1394 1135 1474 veterum,
1153 1393 1192 1454 et
1210 1398 1347 1454 recen·

275 1507 454 1616 „uorum
473 1509 728 1591 medicorum
746 1509 916 1616 scriptis,
944 1537 1036 1618 quae
1065 1509 1204 1591 omnia
1233 1535 1347 1616 spem

299 1671 434 1728 meam
454 1646 696 1754 plerumque
714 1647 996 1730 destituerunt.
1036 1647 1256 1756 Optimum
1274 1675 1347 1728 au·

299 1801 383 1864 tem
403 1783 643 1884 remedium,
676 1805 726 1864 ut
745 1782 1037 1886 mihividetur,
1055 1785 1108 1865 ad
1126 1783 1346 1880 levandum

299 1919 495 2020 dolorem,
522 1919 639 2001 etad
666 1917 1035 2004 inflammationem
1062 1919 1347 2027 mitigandam,

299 2077 361 2138 est
388 2057 628 2162 cataplasma
650 2083 699 2138 ex
720 2057 910 2140 interiore
928 2081 1039 2166 parte
1058 2057 1186 2166 panis,
1211 2045 1278 2138 ¹vel
1295 2081 1346 2138 ex

297 2191 520 2275 seminibus
533 2194 608 2274 lini
618 2195 814 2295 corruitis,
825 2193 978 2303 duplici
989 2195 1114 2278 linteo
1124 2194 1345 2292 inclusum,

300 2351 342 2412 et
370 2355 489 2438 super
508 2333 644 2413 oculos
663 2329 915 2438 impositum
974 2331 1193 2414 Neminem
1211 2330 1345 2437 poeni·

301 2467 381 2551 tuit
399 2469 601 2576 margines
621 2469 906 2576 palpebrarum
925 2469 1243 2551 exulceratarum
1257 2465 1345 2550 adi·

301 2631 352 2712 pe
370 2605 488 2686 suillo
506 2606 685 2686 emollito
705 2606 873 2712 singulis
900 2607 1088 2690 noctibus
1118 2605 1316 2712 inungere
1331 2636 1344 2703 ς

302 2743 415 2850 quod
434 2742 513 2824 nisi
527 2741 612 2843 fiat,
630 2743 827 2850 palpebra
848 2743 926 2826 sibi
944 2743 1121 2858 invicem
1134 2765 1261 2824 noctu
1274 2769 1345 2849 ag·

300 2879 628 2986 glutinabuntur,
655 2901 695 2962 et
713 2880 755 2960 vi
775 2881 952 2987 quadam
971 2907 1091 2961 mane
1103 2877 1343 2961 diducenda

300 3037 433 3117 erunt,
463 3041 559 3097 cum
578 3015 727 3096 doloris
746 3038 786 3098 et
805 3015 1058 3098 ulcerationis
1077 3017 1340 3098 incremento.

357 3153 654 3234 Medicamenta
672 3181 720 3234 ex
739 3175 904 3260 argento
923 3153 1017 3235 vivo
1037 3175 1133 3235 sunt
1151 3152 1278 3235 aliena
1296 3151 1342 3232 in

269 3361 272 3366 .
301 3289 455 3370 morbis
471 3289 704 3370 strumosis:
725 3313 765 3370 et
783 3289 917 3370 nescio
930 3277 982 3370 an
1001 3288 1045 3369 hi
1061 3289 1259 3396 praecipue
1276 3289 1342 3370 in-

173 3417 180 3430 ’
300 3426 560 3508 tendantura
589 3425 656 3506 lue
674 3426 868 3526 Venerea,
895 3446 1058 3532 propter
1085 3423 1262 3506 remedia
1288 3423 1341 3506 ael

300 3561 422 3668 hujus
443 3561 693 3642 curationem
713 3561 941 3642 necessaria.
984 3559 1151 3642 Lavatio
1165 3561 1210 3640 in
1224 3559 1341 3661 mari,

300 3719 420 3804 potus
454 3725 569 3804 aquae
598 3671 778 3798 marina,
806 3725 948 3780 succus
982 3698 1171 3804 spissatus
1189 3695 1343 3795 cicuta,

300 3857 436 3916 cortex
454 3833 698 3915 Peruvianus
718 3836 781 3915 vel
799 3861 870 3941 per
889 3861 943 3934 se,
960 3834 1023 3915 vel
1041 3861 1090 3916 ex
1109 3833 1225 3940 aquis
1244 3857 1341 3940 pur·

182 3989 185 3996 ’
299 3972 491 4088 gentibus
510 3969 643 4071 datus,
669 3971 837 4077 spongia
865 3993 970 4070 usta,
997 3971 1053 4052 sal
1071 3971 1191 4070 sodae,
1218 3968 1343 4050 fonti·

300 4109 396 4209 culi,
423 4131 466 4190 et
493 4107 578 4188 aliae
611 4095 919 4188 exulcerationes
949 4107 1024 4188 diu
1042 4109 1218 4207 servata,
1245 4125 1342 4188 aunt

301 4245 503 4360 praecipua
521 4243 714 4325 strumosi
732 4243 895 4326 habitus
908 4243 1117 4352 praesidia3
1137 4269 1228 4352 quae
1248 4244 1341 4354 qui·

300 4381 397 4464 dem
415 4381 554 4466 omnia
571 4395 668 4464 usus
688 4381 829 4466 docuit
847 4401 936 4464 tuta
953 4407 1049 4485 este,
1074 4401 1116 4466 et
1132 4379 1337 4492 interdum
