<?xml version="1.0" encoding="UTF-8"?>
<!DOCTYPE html PUBLIC "-//W3C//DTD XHTML 1.0 Transitional//EN"
    "http://www.w3.org/TR/xhtml1/DTD/xhtml1-transitional.dtd">
<html xmlns="http://www.w3.org/1999/xhtml" xml:lang="en" lang="en">
 <head>
  <title>
</title>
<meta http-equiv="Content-Type" content="text/html;charset=utf-8" />
  <meta name='ocr-system' content='tesseract 3.04.00' />
  <meta name='ocr-capabilities' content='ocr_page ocr_carea ocr_par ocr_line ocrx_word'/>
</head>
<body>
  <div class='ocr_page' id='page_1' title='image "./commentariidemo00hebegoog_0376.png"; bbox 0 0 3050 5084; ppageno 0'>
   <div class='ocr_carea' id='block_1_1' title="bbox 608 535 751 640">
    <p class='ocr_par' dir='ltr' id='par_1_1' title="bbox 608 535 751 640">
     <span class='ocr_line' id='line_1_1' title="bbox 608 535 751 640; baseline -0.028 0"><span class='ocrx_word' id='word_1_1' title='bbox 608 554 611 570; x_wconf 85' lang='lat'>&#39;</span> <span class='ocrx_word' id='word_1_2' title='bbox 652 535 751 640; x_wconf 80' lang='lat'><strong>361</strong></span> 
     </span>
    </p>
   </div>
   <div class='ocr_carea' id='block_1_2' title="bbox 180 745 1331 1134">
    <p class='ocr_par' dir='ltr' id='par_1_2' title="bbox 180 745 1331 1134">
     <span class='ocr_line' id='line_1_2' title="bbox 180 745 1331 858; baseline -0.004 -24"><span class='ocrx_word' id='word_1_3' title='bbox 180 779 301 836; x_wconf 86' lang='lat' dir='ltr'><strong>mum</strong></span> <span class='ocrx_word' id='word_1_4' title='bbox 319 751 469 858; x_wconf 67' lang='lat' dir='ltr'><strong>praebet</strong></span> <span class='ocrx_word' id='word_1_5' title='bbox 489 749 681 832; x_wconf 88' lang='lat' dir='ltr'><strong>solatium</strong></span> <span class='ocrx_word' id='word_1_6' title='bbox 707 747 753 829; x_wconf 87' lang='lat' dir='ltr'><strong>in</strong></span> <span class='ocrx_word' id='word_1_7' title='bbox 782 745 1007 849; x_wconf 84' lang='lat' dir='ltr'><strong>affectibus,</strong></span> <span class='ocrx_word' id='word_1_8' title='bbox 1035 747 1109 856; x_wconf 90' lang='lat' dir='ltr'><strong>qui</strong></span> <span class='ocrx_word' id='word_1_9' title='bbox 1137 747 1229 830; x_wconf 85' lang='lat' dir='ltr'><strong>licet</strong></span> <span class='ocrx_word' id='word_1_10' title='bbox 1322 821 1331 840; x_wconf 83' lang='grc'>,</span> 
     </span>
     <span class='ocr_line' id='line_1_3' title="bbox 181 885 1230 994; baseline -0.004 -22"><span class='ocrx_word' id='word_1_11' title='bbox 181 889 265 972; x_wconf 82' lang='lat' dir='ltr'><strong>sint</strong></span> <span class='ocrx_word' id='word_1_12' title='bbox 275 889 529 988; x_wconf 84' lang='lat' dir='ltr'><strong>insanabiles,</strong></span> <span class='ocrx_word' id='word_1_13' title='bbox 541 889 663 970; x_wconf 84' lang='lat' dir='ltr'><strong>levari</strong></span> <span class='ocrx_word' id='word_1_14' title='bbox 675 909 812 968; x_wconf 87' lang='lat' dir='ltr'><strong>tamen</strong></span> <span class='ocrx_word' id='word_1_15' title='bbox 823 885 875 974; x_wconf 89' lang='lat' dir='ltr'><strong>ad</strong></span> <span class='ocrx_word' id='word_1_16' title='bbox 886 887 1007 968; x_wconf 86' lang='lat' dir='ltr'><strong>breve</strong></span> <span class='ocrx_word' id='word_1_17' title='bbox 1020 885 1230 994; x_wconf 80' lang='lat' dir='ltr'><strong>quoddam</strong></span> 
     </span>
     <span class='ocr_line' id='line_1_4' title="bbox 186 1045 668 1134; baseline -0.008 -25"><span class='ocrx_word' id='word_1_18' title='bbox 186 1049 349 1134; x_wconf 87' lang='lat' dir='ltr'><strong>tempus</strong></span> <span class='ocrx_word' id='word_1_19' title='bbox 368 1051 453 1106; x_wconf 91' lang='lat' dir='ltr'><strong>non</strong></span> <span class='ocrx_word' id='word_1_20' title='bbox 473 1045 668 1119; x_wconf 74' lang='lat' dir='ltr'><strong>recusant</strong></span> 
     </span>
    </p>
   </div>
   <div class='ocr_carea' id='block_1_3' title="bbox 539 1225 913 1268">
    <p class='ocr_par' dir='ltr' id='par_1_3' title="bbox 539 1225 913 1268">
     <span class='ocr_line' id='line_1_5' title="bbox 539 1225 913 1268; baseline 0.021 -8"><span class='ocrx_word' id='word_1_21' title='bbox 539 1225 913 1268; x_wconf 53' lang='lat' dir='ltr'><em>m</em></span> 
     </span>
    </p>
   </div>
   <div class='ocr_carea' id='block_1_4' title="bbox 578 1361 843 1606">
    <p class='ocr_par' dir='ltr' id='par_1_4' title="bbox 578 1361 843 1606">
     <span class='ocr_line' id='line_1_6' title="bbox 613 1361 807 1445; baseline 0 -3"><span class='ocrx_word' id='word_1_22' title='bbox 613 1361 720 1442; x_wconf 73' lang='lat' dir='ltr'><strong>Cer.</strong></span> <span class='ocrx_word' id='word_1_23' title='bbox 742 1365 807 1445; x_wconf 84' lang='lat'><strong>87.</strong></span> 
     </span>
     <span class='ocr_line' id='line_1_7' title="bbox 578 1522 843 1606; baseline 0 -2"><span class='ocrx_word' id='word_1_24' title='bbox 578 1522 647 1604; x_wconf 80' lang='lat' dir='ltr'><strong>De</strong></span> <span class='ocrx_word' id='word_1_25' title='bbox 668 1522 843 1606; x_wconf 81' lang='lat' dir='ltr'><strong>Struma.</strong></span> 
     </span>
    </p>
   </div>
   <div class='ocr_carea' id='block_1_5' title="bbox 81 1682 1237 2886">
    <p class='ocr_par' dir='ltr' id='par_1_5' title="bbox 81 1682 1237 2886">
     <span class='ocr_line' id='line_1_8' title="bbox 242 1682 1232 1792; baseline 0.002 -28"><span class='ocrx_word' id='word_1_26' title='bbox 242 1683 344 1767; x_wconf 79' lang='lat' dir='ltr'><strong>Isrt</strong></span> <span class='ocrx_word' id='word_1_27' title='bbox 365 1683 542 1790; x_wconf 89' lang='lat' dir='ltr'><strong>corporis</strong></span> <span class='ocrx_word' id='word_1_28' title='bbox 562 1682 726 1766; x_wconf 84' lang='lat' dir='ltr'><strong>habitus</strong></span> <span class='ocrx_word' id='word_1_29' title='bbox 746 1684 968 1792; x_wconf 84' lang='lat' dir='ltr'><strong>appellatur</strong></span> <span class='ocrx_word' id='word_1_30' title='bbox 991 1705 1232 1786; x_wconf 72' lang='lat' dir='ltr'>strumosus,</span> 
     </span>
     <span class='ocr_line' id='line_1_9' title="bbox 187 1819 1236 1930; baseline -0.003 -25"><span class='ocrx_word' id='word_1_31' title='bbox 187 1819 234 1905; x_wconf 84' lang='lat' dir='ltr'><strong>in</strong></span> <span class='ocrx_word' id='word_1_32' title='bbox 254 1849 340 1930; x_wconf 90' lang='lat' dir='ltr'><strong>quo</strong></span> <span class='ocrx_word' id='word_1_33' title='bbox 356 1821 560 1928; x_wconf 81' lang='lat' dir='ltr'><strong>glandulae</strong></span> <span class='ocrx_word' id='word_1_34' title='bbox 589 1820 846 1928; x_wconf 85' lang='lat' dir='ltr'><strong>lymphaticae</strong></span> <span class='ocrx_word' id='word_1_35' title='bbox 866 1843 1027 1904; x_wconf 88' lang='lat' dir='ltr'><strong>tument</strong></span> <span class='ocrx_word' id='word_1_36' title='bbox 1041 1850 1139 1904; x_wconf 88' lang='lat' dir='ltr'><strong>cum</strong></span> <span class='ocrx_word' id='word_1_37' title='bbox 1154 1822 1236 1904; x_wconf 87' lang='lat' dir='ltr'><strong>exi-</strong></span> 
     </span>
     <span class='ocr_line' id='line_1_10' title="bbox 188 1955 1235 2070; baseline 0 -30"><span class='ocrx_word' id='word_1_38' title='bbox 188 1987 286 2066; x_wconf 84' lang='lat' dir='ltr'><strong>guo,</strong></span> <span class='ocrx_word' id='word_1_39' title='bbox 313 1959 377 2040; x_wconf 85' lang='lat' dir='ltr'><strong>vel</strong></span> <span class='ocrx_word' id='word_1_40' title='bbox 406 1959 521 2038; x_wconf 91' lang='lat' dir='ltr'><strong>nullo</strong></span> <span class='ocrx_word' id='word_1_41' title='bbox 543 1957 692 2038; x_wconf 79' lang='lat' dir='ltr'><strong>doloris</strong></span> <span class='ocrx_word' id='word_1_42' title='bbox 713 1985 844 2039; x_wconf 85' lang='lat' dir='ltr'><strong>sensu.</strong></span> <span class='ocrx_word' id='word_1_43' title='bbox 902 1960 996 2038; x_wconf 89' lang='lat' dir='ltr'><strong>Hoc</strong></span> <span class='ocrx_word' id='word_1_44' title='bbox 1026 1955 1074 2040; x_wconf 88' lang='lat' dir='ltr'><strong>fit</strong></span> <span class='ocrx_word' id='word_1_45' title='bbox 1103 1959 1235 2070; x_wconf 84' lang='lat' dir='ltr'><strong>saepis·</strong></span> 
     </span>
     <span class='ocr_line' id='line_1_11' title="bbox 191 2083 1237 2196; baseline 0.002 -22"><span class='ocrx_word' id='word_1_46' title='bbox 191 2095 293 2177; x_wconf 82' lang='lat' dir='ltr'><strong>sime</strong></span> <span class='ocrx_word' id='word_1_47' title='bbox 311 2095 357 2174; x_wconf 92' lang='lat' dir='ltr'><strong>in</strong></span> <span class='ocrx_word' id='word_1_48' title='bbox 375 2096 492 2196; x_wconf 91' lang='lat' dir='ltr'><strong>collo,</strong></span> <span class='ocrx_word' id='word_1_49' title='bbox 509 2083 727 2176; x_wconf 77' lang='lat' dir='ltr'><strong>&#39;inoerdum</strong></span> <span class='ocrx_word' id='word_1_50' title='bbox 746 2094 790 2174; x_wconf 89' lang='lat' dir='ltr'><strong>in</strong></span> <span class='ocrx_word' id='word_1_51' title='bbox 809 2093 949 2195; x_wconf 82' lang='lat' dir='ltr'>axillis,</span> <span class='ocrx_word' id='word_1_52' title='bbox 967 2093 1095 2176; x_wconf 85' lang='lat' dir='ltr'><strong>rarius</strong></span> <span class='ocrx_word' id='word_1_53' title='bbox 1111 2095 1155 2175; x_wconf 89' lang='lat' dir='ltr'><strong>in</strong></span> <span class='ocrx_word' id='word_1_54' title='bbox 1173 2095 1237 2178; x_wconf 84' lang='lat' dir='ltr'><strong>in-</strong></span> 
     </span>
     <span class='ocr_line' id='line_1_12' title="bbox 189 2229 1237 2339; baseline 0.002 -29"><span class='ocrx_word' id='word_1_55' title='bbox 189 2230 325 2334; x_wconf 86' lang='lat' dir='ltr'><strong>guine.</strong></span> <span class='ocrx_word' id='word_1_56' title='bbox 396 2230 612 2312; x_wconf 84' lang='lat' dir='ltr'><strong>Glandulae</strong></span> <span class='ocrx_word' id='word_1_57' title='bbox 657 2257 824 2339; x_wconf 87' lang='lat' dir='ltr'><strong>quoque</strong></span> <span class='ocrx_word' id='word_1_58' title='bbox 851 2231 1078 2312; x_wconf 86' lang='lat' dir='ltr'><strong>mesenterii</strong></span> <span class='ocrx_word' id='word_1_59' title='bbox 1105 2229 1237 2314; x_wconf 87' lang='lat' dir='ltr'><strong>eidem</strong></span> 
     </span>
     <span class='ocr_line' id='line_1_13' title="bbox 81 2367 1235 2475; baseline 0.004 -29"><span class='ocrx_word' id='word_1_60' title='bbox 81 2405 88 2424; x_wconf 86' lang='lat'><strong>·</strong></span> <span class='ocrx_word' id='word_1_61' title='bbox 189 2367 291 2450; x_wconf 85' lang='lat' dir='ltr'><strong>vitio</strong></span> <span class='ocrx_word' id='word_1_62' title='bbox 314 2391 554 2475; x_wconf 81' lang='lat' dir='ltr'><strong>opportunae</strong></span> <span class='ocrx_word' id='word_1_63' title='bbox 583 2390 692 2469; x_wconf 87' lang='lat' dir='ltr'><strong>sunt,</strong></span> <span class='ocrx_word' id='word_1_64' title='bbox 720 2389 760 2450; x_wconf 88' lang='lat' dir='ltr'><strong>et</strong></span> <span class='ocrx_word' id='word_1_65' title='bbox 787 2368 953 2450; x_wconf 85' lang='lat' dir='ltr'><strong>fortasse</strong></span> <span class='ocrx_word' id='word_1_66' title='bbox 982 2395 1121 2449; x_wconf 87' lang='lat' dir='ltr'><strong>omnes</strong></span> <span class='ocrx_word' id='word_1_67' title='bbox 1151 2371 1235 2452; x_wconf 85' lang='lat' dir='ltr'><strong>aliae</strong></span> 
     </span>
     <span class='ocr_line' id='line_1_14' title="bbox 190 2503 1236 2613; baseline 0.003 -28"><span class='ocrx_word' id='word_1_68' title='bbox 190 2503 314 2612; x_wconf 90' lang='lat' dir='ltr'><strong>hujus</strong></span> <span class='ocrx_word' id='word_1_69' title='bbox 333 2505 489 2612; x_wconf 84' lang='lat' dir='ltr'><strong>generis</strong></span> <span class='ocrx_word' id='word_1_70' title='bbox 508 2505 708 2612; x_wconf 83' lang='lat' dir='ltr'><strong>glandulae</strong></span> <span class='ocrx_word' id='word_1_71' title='bbox 739 2533 829 2612; x_wconf 88' lang='lat' dir='ltr'><strong>quae</strong></span> <span class='ocrx_word' id='word_1_72' title='bbox 859 2505 969 2586; x_wconf 84' lang='lat' dir='ltr'><strong>intus</strong></span> <span class='ocrx_word' id='word_1_73' title='bbox 998 2506 1236 2613; x_wconf 88' lang='lat' dir='ltr'><strong>incorpore</strong></span> 
     </span>
     <span class='ocr_line' id='line_1_15' title="bbox 192 2641 1236 2749; baseline 0.001 -25"><span class='ocrx_word' id='word_1_74' title='bbox 192 2641 277 2724; x_wconf 77' lang='lat' dir='ltr'><strong>ritae</strong></span> <span class='ocrx_word' id='word_1_75' title='bbox 298 2664 404 2724; x_wconf 89' lang='lat' dir='ltr'><strong>sunt.</strong></span> <span class='ocrx_word' id='word_1_76' title='bbox 464 2643 514 2724; x_wconf 90' lang='lat' dir='ltr'><strong>In</strong></span> <span class='ocrx_word' id='word_1_77' title='bbox 532 2642 595 2724; x_wconf 89' lang='lat' dir='ltr'><strong>his</strong></span> <span class='ocrx_word' id='word_1_78' title='bbox 615 2643 729 2749; x_wconf 82' lang='lat' dir='ltr'><strong>aegris</strong></span> <span class='ocrx_word' id='word_1_79' title='bbox 754 2641 865 2724; x_wconf 87' lang='lat' dir='ltr'><strong>labra</strong></span> <span class='ocrx_word' id='word_1_80' title='bbox 893 2643 1028 2743; x_wconf 89' lang='lat' dir='ltr'><strong>etiarn,</strong></span> <span class='ocrx_word' id='word_1_81' title='bbox 1055 2665 1094 2724; x_wconf 91' lang='lat' dir='ltr'><strong>et</strong></span> <span class='ocrx_word' id='word_1_82' title='bbox 1121 2671 1236 2726; x_wconf 87' lang='lat' dir='ltr'><strong>nares</strong></span> 
     </span>
     <span class='ocr_line' id='line_1_16' title="bbox 84 2775 1237 2886; baseline 0.002 -28"><span class='ocrx_word' id='word_1_83' title='bbox 84 2847 89 2858; x_wconf 92' lang='lat'>.</span> <span class='ocrx_word' id='word_1_84' title='bbox 193 2777 323 2860; x_wconf 83' lang='lat' dir='ltr'><strong>solent</strong></span> <span class='ocrx_word' id='word_1_85' title='bbox 340 2799 510 2878; x_wconf 80' lang='lat' dir='ltr'><strong>mmere,</strong></span> <span class='ocrx_word' id='word_1_86' title='bbox 527 2799 567 2860; x_wconf 89' lang='lat' dir='ltr'><strong>et</strong></span> <span class='ocrx_word' id='word_1_87' title='bbox 586 2779 784 2886; x_wconf 84' lang='lat' dir='ltr'><strong>palpebrae</strong></span> <span class='ocrx_word' id='word_1_88' title='bbox 799 2805 900 2885; x_wconf 84' lang='lat' dir='ltr'><strong>saepe</strong></span> <span class='ocrx_word' id='word_1_89' title='bbox 913 2775 1237 2881; x_wconf 83' lang='lat' dir='ltr'><strong>inflammantur,</strong></span> 
     </span>
    </p>
   </div>
   <div class='ocr_carea' id='block_1_6' title="bbox 62 2913 1237 3029">
    <p class='ocr_par' dir='ltr' id='par_1_6' title="bbox 62 2913 1237 3029">
     <span class='ocr_line' id='line_1_17' title="bbox 62 2913 1237 3029; baseline 0 -31"><span class='ocrx_word' id='word_1_90' title='bbox 62 3017 65 3024; x_wconf 23' lang='grc'>1</span> <span class='ocrx_word' id='word_1_91' title='bbox 194 2937 235 2998; x_wconf 82' lang='lat' dir='ltr'><strong>et</strong></span> <span class='ocrx_word' id='word_1_92' title='bbox 252 2913 542 2998; x_wconf 76' lang='lat' dir='ltr'><strong>exulcerantur.</strong></span> <span class='ocrx_word' id='word_1_93' title='bbox 589 2915 756 3029; x_wconf 79' lang='lat' dir='ltr'><strong>Quibus</strong></span> <span class='ocrx_word' id='word_1_94' title='bbox 777 2915 892 2998; x_wconf 86' lang='lat' dir='ltr'><strong>malis</strong></span> <span class='ocrx_word' id='word_1_95' title='bbox 907 2916 1115 2998; x_wconf 89' lang='lat' dir='ltr'><strong>interdurn</strong></span> <span class='ocrx_word' id='word_1_96' title='bbox 1129 2945 1237 2998; x_wconf 88' lang='lat' dir='ltr'><strong>acce·</strong></span> 
     </span>
    </p>
   </div>
   <div class='ocr_carea' id='block_1_7' title="bbox 194 3051 1243 4536">
    <p class='ocr_par' dir='ltr' id='par_1_7' title="bbox 194 3051 1239 3708">
     <span class='ocr_line' id='line_1_18' title="bbox 194 3051 1235 3164; baseline 0.004 -30"><span class='ocrx_word' id='word_1_97' title='bbox 194 3051 303 3134; x_wconf 92' lang='lat' dir='ltr'><strong>dunt</strong></span> <span class='ocrx_word' id='word_1_98' title='bbox 328 3053 432 3136; x_wconf 82' lang='lat' dir='ltr'><strong>cutis</strong></span> <span class='ocrx_word' id='word_1_99' title='bbox 460 3053 572 3154; x_wconf 87' lang='lat' dir='ltr'><strong>vitia,</strong></span> <span class='ocrx_word' id='word_1_100' title='bbox 599 3075 639 3135; x_wconf 88' lang='lat' dir='ltr'><strong>et</strong></span> <span class='ocrx_word' id='word_1_101' title='bbox 666 3081 807 3136; x_wconf 88' lang='lat' dir='ltr'><strong>cursus</strong></span> <span class='ocrx_word' id='word_1_102' title='bbox 836 3053 949 3164; x_wconf 91' lang='lat' dir='ltr'><strong>puris</strong></span> <span class='ocrx_word' id='word_1_103' title='bbox 979 3081 1027 3136; x_wconf 86' lang='lat' dir='ltr'><strong>ex</strong></span> <span class='ocrx_word' id='word_1_104' title='bbox 1055 3053 1235 3138; x_wconf 86' lang='lat' dir='ltr'><strong>auribus.</strong></span> 
     </span>
     <span class='ocr_line' id='line_1_19' title="bbox 194 3189 1238 3300; baseline 0.001 -29"><span class='ocrx_word' id='word_1_105' title='bbox 194 3190 294 3271; x_wconf 89' lang='lat' dir='ltr'><strong>Huc</strong></span> <span class='ocrx_word' id='word_1_106' title='bbox 309 3217 475 3298; x_wconf 84' lang='lat' dir='ltr'><strong>quoque</strong></span> <span class='ocrx_word' id='word_1_107' title='bbox 489 3189 704 3272; x_wconf 72' lang='lat' dir='ltr'><strong>referendae</strong></span> <span class='ocrx_word' id='word_1_108' title='bbox 720 3213 816 3272; x_wconf 90' lang='lat' dir='ltr'><strong>sunt</strong></span> <span class='ocrx_word' id='word_1_109' title='bbox 829 3191 1058 3272; x_wconf 83' lang='lat' dir='ltr'><strong>istiusmodi</strong></span> <span class='ocrx_word' id='word_1_110' title='bbox 1070 3191 1238 3300; x_wconf 80' lang='lat' dir='ltr'><strong>tonsillae</strong></span> 
     </span>
     <span class='ocr_line' id='line_1_20' title="bbox 197 3327 1237 3436; baseline 0 -28"><span class='ocrx_word' id='word_1_111' title='bbox 197 3353 289 3434; x_wconf 82' lang='lat' dir='ltr'><strong>quae</strong></span> <span class='ocrx_word' id='word_1_112' title='bbox 317 3327 472 3410; x_wconf 88' lang='lat' dir='ltr'><strong>diutius</strong></span> <span class='ocrx_word' id='word_1_113' title='bbox 501 3351 663 3410; x_wconf 88' lang='lat' dir='ltr'><strong>tument</strong></span> <span class='ocrx_word' id='word_1_114' title='bbox 690 3357 790 3410; x_wconf 90' lang='lat' dir='ltr'><strong>cum</strong></span> <span class='ocrx_word' id='word_1_115' title='bbox 817 3327 997 3436; x_wconf 82' lang='lat' dir='ltr'><strong>quadam</strong></span> <span class='ocrx_word' id='word_1_116' title='bbox 1015 3327 1237 3410; x_wconf 84' lang='lat' dir='ltr'><strong>devorandi</strong></span> 
     </span>
     <span class='ocr_line' id='line_1_21' title="bbox 195 3462 1239 3573; baseline 0.004 -29"><span class='ocrx_word' id='word_1_117' title='bbox 195 3464 393 3566; x_wconf 78' lang='lat' dir='ltr'><strong>molestie,</strong></span> <span class='ocrx_word' id='word_1_118' title='bbox 434 3466 498 3546; x_wconf 85' lang='lat' dir='ltr'><strong>vel</strong></span> <span class='ocrx_word' id='word_1_119' title='bbox 526 3492 618 3573; x_wconf 80' lang='lat' dir='ltr'><strong>quae</strong></span> <span class='ocrx_word' id='word_1_120' title='bbox 647 3465 821 3548; x_wconf 82' lang='lat' dir='ltr'><strong>subinde</strong></span> <span class='ocrx_word' id='word_1_121' title='bbox 849 3462 1160 3548; x_wconf 84' lang='lat' dir='ltr'><strong>inflammantur</strong></span> <span class='ocrx_word' id='word_1_122' title='bbox 1186 3465 1239 3548; x_wconf 84' lang='lat' dir='ltr'><strong>ad</strong></span> 
     </span>
     <span class='ocr_line' id='line_1_22' title="bbox 197 3599 926 3708; baseline 0.004 -27"><span class='ocrx_word' id='word_1_123' title='bbox 197 3599 319 3682; x_wconf 86' lang='lat' dir='ltr'><strong>breve</strong></span> <span class='ocrx_word' id='word_1_124' title='bbox 338 3621 498 3708; x_wconf 84' lang='lat' dir='ltr'><strong>tempus</strong></span> <span class='ocrx_word' id='word_1_125' title='bbox 517 3629 604 3682; x_wconf 89' lang='lat' dir='ltr'><strong>non</strong></span> <span class='ocrx_word' id='word_1_126' title='bbox 623 3602 709 3684; x_wconf 87' lang='lat' dir='ltr'><strong>sine</strong></span> <span class='ocrx_word' id='word_1_127' title='bbox 722 3600 846 3684; x_wconf 84' lang='lat' dir='ltr'><strong>febre.</strong></span> <span class='ocrx_word' id='word_1_128' title='bbox 924 3647 926 3652; x_wconf 90' lang='lat'><em>·</em></span> 
     </span>
    </p>

    <p class='ocr_par' dir='ltr' id='par_1_8' title="bbox 196 3739 1243 4536">
     <span class='ocr_line' id='line_1_23' title="bbox 253 3739 1241 3847; baseline 0.002 -26"><span class='ocrx_word' id='word_1_129' title='bbox 253 3739 360 3821; x_wconf 82' lang='lat' dir='ltr'><strong>AEtas</strong></span> <span class='ocrx_word' id='word_1_130' title='bbox 374 3739 540 3846; x_wconf 86' lang='lat' dir='ltr'><strong>puerilis</strong></span> <span class='ocrx_word' id='word_1_131' title='bbox 554 3739 751 3847; x_wconf 83' lang='lat' dir='ltr'><strong>majorem</strong></span> <span class='ocrx_word' id='word_1_132' title='bbox 764 3740 810 3820; x_wconf 90' lang='lat' dir='ltr'><strong>in</strong></span> <span class='ocrx_word' id='word_1_133' title='bbox 824 3739 996 3821; x_wconf 87' lang='lat' dir='ltr'><strong>modum</strong></span> <span class='ocrx_word' id='word_1_134' title='bbox 1009 3763 1241 3847; x_wconf 84' lang='lat' dir='ltr'><strong>opportuna</strong></span> 
     </span>
     <span class='ocr_line' id='line_1_24' title="bbox 197 3873 1240 3985; baseline 0.002 -27"><span class='ocrx_word' id='word_1_135' title='bbox 197 3895 258 3958; x_wconf 79' lang='lat' dir='ltr'><strong>est</strong></span> <span class='ocrx_word' id='word_1_136' title='bbox 275 3873 485 3958; x_wconf 80' lang='lat' dir='ltr'><strong>affectibus</strong></span> <span class='ocrx_word' id='word_1_137' title='bbox 510 3877 735 3978; x_wconf 86' lang='lat' dir='ltr'><strong>strumosis,</strong></span> <span class='ocrx_word' id='word_1_138' title='bbox 761 3899 854 3960; x_wconf 91' lang='lat' dir='ltr'><strong>tum</strong></span> <span class='ocrx_word' id='word_1_139' title='bbox 881 3877 912 3962; x_wconf 93' lang='lat' dir='ltr'><strong>ii</strong></span> <span class='ocrx_word' id='word_1_140' title='bbox 938 3878 1138 3985; x_wconf 84' lang='lat' dir='ltr'><strong>praecipue</strong></span> <span class='ocrx_word' id='word_1_141' title='bbox 1166 3879 1240 3985; x_wconf 90' lang='lat' dir='ltr'><strong>qui</strong></span> 
     </span>
     <span class='ocr_line' id='line_1_25' title="bbox 196 4013 1239 4122; baseline 0.004 -28"><span class='ocrx_word' id='word_1_142' title='bbox 196 4034 296 4095; x_wconf 83' lang='lat' dir='ltr'><strong>eunt</strong></span> <span class='ocrx_word' id='word_1_143' title='bbox 312 4013 607 4116; x_wconf 84' lang='lat' dir='ltr'><strong>imbecilliores,</strong></span> <span class='ocrx_word' id='word_1_144' title='bbox 631 4036 671 4096; x_wconf 89' lang='lat' dir='ltr'><strong>et</strong></span> <span class='ocrx_word' id='word_1_145' title='bbox 699 4034 879 4122; x_wconf 87' lang='lat' dir='ltr'><strong>quorum</strong></span> <span class='ocrx_word' id='word_1_146' title='bbox 898 4015 1000 4098; x_wconf 86' lang='lat' dir='ltr'><strong>cutis</strong></span> <span class='ocrx_word' id='word_1_147' title='bbox 1019 4037 1077 4098; x_wconf 84' lang='lat' dir='ltr'><strong>est</strong></span> <span class='ocrx_word' id='word_1_148' title='bbox 1095 4015 1239 4098; x_wconf 80' lang='lat' dir='ltr'><strong>coloris</strong></span> 
     </span>
     <span class='ocr_line' id='line_1_26' title="bbox 198 4147 1242 4260; baseline 0.003 -29"><span class='ocrx_word' id='word_1_149' title='bbox 198 4147 443 4232; x_wconf 80' lang='lat' dir='ltr'><strong>candidioris</strong></span> <span class='ocrx_word' id='word_1_150' title='bbox 455 4180 501 4234; x_wconf 86' lang='lat' dir='ltr'><strong>ac</strong></span> <span class='ocrx_word' id='word_1_151' title='bbox 512 4151 684 4234; x_wconf 83' lang='lat' dir='ltr'><strong>venusti.</strong></span> <span class='ocrx_word' id='word_1_152' title='bbox 712 4151 868 4234; x_wconf 83' lang='lat' dir='ltr'><strong>Exactis</strong></span> <span class='ocrx_word' id='word_1_153' title='bbox 880 4151 995 4234; x_wconf 85' lang='lat' dir='ltr'><strong>annis</strong></span> <span class='ocrx_word' id='word_1_154' title='bbox 1007 4153 1242 4260; x_wconf 82' lang='lat' dir='ltr'><strong>pubertatis,</strong></span> 
     </span>
     <span class='ocr_line' id='line_1_27' title="bbox 199 4285 1241 4396; baseline 0.002 -28"><span class='ocrx_word' id='word_1_155' title='bbox 199 4305 380 4368; x_wconf 88' lang='lat' dir='ltr'><strong>tumores</strong></span> <span class='ocrx_word' id='word_1_156' title='bbox 399 4288 700 4394; x_wconf 83' lang='lat' dir='ltr'><strong>glandularum,</strong></span> <span class='ocrx_word' id='word_1_157' title='bbox 724 4311 764 4370; x_wconf 85' lang='lat' dir='ltr'><strong>et</strong></span> <span class='ocrx_word' id='word_1_158' title='bbox 782 4287 1065 4396; x_wconf 85' lang='lat' dir='ltr'><strong>palpebrarum</strong></span> <span class='ocrx_word' id='word_1_159' title='bbox 1079 4285 1241 4370; x_wconf 90' lang='lat' dir='ltr'><strong>inflam-</strong></span> 
     </span>
     <span class='ocr_line' id='line_1_28' title="bbox 198 4421 1243 4536; baseline -0.004 -24"><span class='ocrx_word' id='word_1_160' title='bbox 198 4421 397 4512; x_wconf 74' lang='lat' dir='ltr'><strong>motiones</strong></span> <span class='ocrx_word' id='word_1_161' title='bbox 424 4425 560 4510; x_wconf 89' lang='lat' dir='ltr'><strong>minui</strong></span> <span class='ocrx_word' id='word_1_162' title='bbox 587 4425 802 4536; x_wconf 87' lang='lat' dir='ltr'><strong>incipiunt,</strong></span> <span class='ocrx_word' id='word_1_163' title='bbox 830 4447 869 4508; x_wconf 86' lang='lat' dir='ltr'><strong>et</strong></span> <span class='ocrx_word' id='word_1_164' title='bbox 895 4425 941 4506; x_wconf 85' lang='lat' dir='ltr'><strong>in</strong></span> <span class='ocrx_word' id='word_1_165' title='bbox 969 4425 1102 4506; x_wconf 80' lang='lat' dir='ltr'><strong>media</strong></span> <span class='ocrx_word' id='word_1_166' title='bbox 1129 4447 1243 4510; x_wconf 85' lang='lat' dir='ltr'><strong>aetate</strong></span> 
     </span>
    </p>
   </div>
   <div class='ocr_carea' id='block_1_8' title="bbox 0 0 1545 5084">
    <p class='ocr_par' dir='ltr' id='par_1_9' title="bbox 0 0 1545 5084">
     <span class='ocr_line' id='line_1_29' title="bbox 0 0 1545 5084; baseline 0 0"><span class='ocrx_word' id='word_1_167' title='bbox 0 0 1545 5084; x_wconf 95' lang='lat' dir='ltr'><strong> </strong></span> 
     </span>
    </p>
   </div>
  </div>
 </body>
</html>
