3050 5084
652 471 754 590 aot

182 679 458 768 inflammatus
487 705 595 786 erat;
624 707 664 768 et
692 686 807 792 signa
830 677 1162 772 inflammationis
1183 691 1228 772 iu

183 822 347 930 reliquis
369 849 535 930 quoque
554 822 775 902 visceribus
795 847 948 928 reperta
965 847 1071 932 sunt.

238 959 432 1040 Foemina·
456 957 645 1066 quaedam
673 985 742 1040 sex
770 970 925 1040 menses
956 984 1226 1068 aegrotaverat.

182 1091 276 1174 Cibi
287 1095 486 1201 cupiditas
502 1095 663 1176 minuta
676 1117 772 1194 erat,
794 1117 834 1174 et
850 1095 1010 1176 sinistra
1026 1126 1115 1204 pars
1131 1129 1229 1182 veu-

182 1231 254 1310 tris
270 1231 531 1350 intumuerat.
591 1231 670 1312 His
691 1231 932 1312 accedebant
951 1260 1112 1334 nausea,
1132 1265 1231 1320 veu-

182 1359 319 1448 triculi
338 1367 466 1478 dolor,
480 1363 706 1468 fastidium,
724 1367 837 1448 alvus
857 1367 948 1448 fusa
962 1397 1059 1449 cum
1078 1371 1230 1476 dolore,

183 1531 275 1612 quae
305 1531 390 1584 non
418 1505 554 1618 potuit
580 1503 773 1606 cohiberi,
802 1528 841 1586 et
869 1507 1010 1612 ingens
1034 1505 1230 1614 jactati03

184 1639 277 1748 qu'ae
293 1641 399 1722 maia
417 1635 513 1722 alios
529 1669 595 1722 sex
611 1669 765 1723 menses
784 1641 1096 1748 perseverarunt.
1127 1645 1229 1728 bien

184 1778 386 1890 pendebat
397 1779 497 1860 duas
512 1801 552 1894 et
568 1779 868 1896 quinquaginta
882 1773 1046 1884 uncias;
1066 1755 1152 1863 non
1170 1803 1230 1864 ta·

183 1940 283 2028 men
300 1937 385 1998 erat
402 1917 664 2015 exulceratus,
692 1943 765 1996 nec
783 1915 1019 2012 ,scirrhosue

402 2173 476 2282 §b
509 2175 577 2257 Dc
597 2175 753 2258 Morbis
772 2179 1021 2260 Pnacreotis.

185 2341 192 2350 '
240 2337 395 2418 Mulier
409 2337 483 2418 diu
498 2359 638 2442 questa
652 2332 786 2418 fuerat
799 2337 982 2446 dolorem
1001 2321 1238 2442 ventriculi,¹

186 2478 262 2586 qui
281 2503 351 2582 per
370 2475 567 2576 ultimum
582 2475 673 2554 vitae
689 2501 845 2555 annum
865 2477 1060 2582 majorem
1079 2478 1123 2556 in
1142 2475 1231 2558 mo·-

183 2615 290 2696 dum
302 2611 499 2694 saeviebat.
521 2609 936 2717 Cibicupiditasnulla
947 2633 1049 2714 erati
1065 2635 1104 2696 et
1116 2613 1231 2722 quic·

156 2723 162 2730 ¹
186 2751 290 2860 quid
299 2771 484 2851 sumtum
496 2747 641 2848 fuerat,
660 2749 795 2852 statim
809 2740 1231 2858 vomebatur.'Vigilia

183 2883 268 2968 ‘fere
288 2908 478 2992 perpetua
496 2903 591 2964 erat.
649 2887 838 2988 Pancreas
863 2908 947 2966 erat
969 2887 1228 2968 scirrhosum.
1260 2885 1266 2896 ‘

238 3025 430 3124 Pancreas
464 3019 587 3102 etiam
614 3043 818 3127 repertum
837 3045 896 3102 est
918 3021 1164 3103 ecirrbosum
1183 3025 1230 3106 in

140 3203 141 3207 ι
184 3139 373 3258 foemina,
403 3186 492 3266 quae
523 3179 674 3266 septem
700 3185 827 3238 anuos
853 3155 1081 3240 conflictata
1098 3157 1231 3270 fuerat

184 3325 285 3380 cum
303 3295 511 3423 doloribus
541 3293 768 3394 ventriculi,
796 3317 836 3376 et
864 3295 1163 3426 intestinorum,
1190 3314 1231 3380 et

185 3415 392 3573 coxarum.
447 3435 593 3512 Femur
613 3455 792 3538 quoque,
810 3454 850 3512 et
873 3457 963 3538 crue
984 3453 1231 3538 torpuerant,
1264 3517 1269 3526 ,

185 3601 285 3658 cum
297 3601 416 3655 sensu
426 3571 600 3678 frigoris
660 3571 868 3677 Cupiditas
881 3571 961 3652 cibi
973 3567 1162 3678 perierat3
1190 3589 1231 3653 et

144 3735 149 3740 ’
188 3711 303 3795 acida
321 3737 422 3817 aaepe
447 3707 761 3806 vomebantur*.

185 3961 206 4005 .‘
226 3925 246 3964 1·
265 3919 321 3982 Vir
331 3933 471 3998 quartum
481 3931 510 3980 et
521 3915 698 4005 vigesimum
707 3931 819 3978 uiuum
829 3932 928 3994 agens,
947 3933 1000 3992 per
1013 3912 1143 3992 quinque
1153 3933 1234 3987 men-

185 4043 231 4106 ¹ses
245 4021 368 4092 afflictus
380 4033 442 4080 erut
456 4019 604 4082 doloribus
617 4017 734 4088 uentris,
755 4018 860 4094 quibus
873 4015 1141 4092 conquiescentibus
1157 4015 1233 4076 iutu-

109 4139 113 4146 '
189 4127 265 4186 iuuit
278 4123 465 4192 ventriculus,
483 4119 689 4190 cruditasfuit,
709 4119 793 4180 urina
806 4139 905 4197 parca,
925 4133 954 4177 et
975 4117 1106 4178 debilitas
1126 4119 1231 4181 sensim
1345 4151 1349 4162 ·

187 4225 286 4299 autu,
306 4228 432 4304 denique
449 4225 534 4287 uivus
545 4208 830 4302 'fuseqiaecohtben'
843 4241 902 4282 oon
915 4221 1020 4298 potuit.
1060 4212 1163 4282 Mense
1177 4237 1233 4286 ter·

186 4329 556 4425 tioptunioreauitriculi
566 4330 773 4396 menum.
803 4325 1233 4410 Paacteatinmagnitodiuem

188 4433 341 4499 enormem
354 4449 476 4498 auctum
489 4447 561 4506 erat,
580 4447 610 4494 et
622 4431 829 4494 exulceratum.
870 4427 908 4488 E.
