3002 5086
737 491 835 586 loo

263 681 409 801 necue*
432 691 546 807 parii
564 693 754 798 interest;
783 723 880 777 cum
900 696 1108 804 sanguinis
1124 698 1303 805 profusio
1406 747 1412 760 ·

263 869 356 924 roro
384 859 496 920 tauta
514 857 586 936 est,
613 863 706 946 quae
725 835 790 916 vel
808 861 994 941 praesens,
1023 837 1086 916 vel
1113 835 1303 923 futurum

264 973 686 1085 periculumintsntet.
740 974 934 1053 Attamen
946 971 1044 1052 novi
1054 1000 1103 1058 ex
1117 975 1227 1054 venis
1240 975 1305 1058 ani

264 1135 429 1202 tanturn
442 1093 659 1217 sanguinis
674 1109 860 1222 quotidie
875 1136 946 1216 per
962 1135 1145 1194 mensem
1163 1109 1306 1196 efflux-

264 1253 354 1350 isse,
372 1249 502 1332 utrix
517 1247 605 1332 fieri
625 1270 756 1356 posset
771 1247 877 1364 quin
892 1247 1070 1354 corporis
1090 1249 1220 1336 subur
1233 1249 1306 1338 ali.

268 1411 474 1496 quantum
493 1387 766 1488 minueretur,
820 1387 914 1466 Hoc
926 1405 1066 1465 autem
1080 1413 1221 1467 rarum
1239 1407 1306 1470 est.

266 1527 354 1610 Ubi
373 1525 434 1628 fit,
462 1523 611 1606 auxi-lio
630 1523 707 1613 erit
726 1549 841 1637 aquae
860 1523 905 1602 in
935 1550 1018 1628 qua
1036 1545 1173 1612 cortex
1190 1527 1307 1605 Peru·
1430 1505 1435 1514 ⁵

266 1665 411 1752 viarius
424 1663 610 1744 decoctus
623 1683 682 1744 est
694 1661 839 1741 selibra
854 1659 1036 1766 quotidie
1048 1683 1189 1767 epota3
1218 1691 1307 1770 quar

267 1805 451 1912 quidem,
479 1825 526 1883 ut
546 1801 650 1884 mihi
669 1799 844 1900 videtur,
872 1825 958 1878 non
978 1821 1062 1920 tam
1091 1799 1309 1906 proficitvi

267 1943 450 2055 quedam
469 1938 733 2044 astringendi,
747 1965 875 2045 quam
896 1935 994 2044 quia
1006 1937 1184 2020 occurrit
1197 1938 1309 2022 maiis

266 2105 317 2158 err
337 2077 558 2157 immodica
576 2074 785 2180 sanguinis
804 2072 1040 2180 profusione
1056 2075 1237 2156 orituris.

325 2211 657 2304 Haemonhdides
672 2211 837 2330 utrique
850 2209 962 2292 sexui
977 2210 1124 2316 pariter
1139 2211 1311 2300 suntin.

266 2349 390 2431 feetae.
452 2348 638 2461 Quidam
655 2375 765 2427 anno
786 2347 910 2428 aetatis
933 2346 1081 2454 quinto
1100 2371 1310 2456 coeperunt

269 2485 318 2566 iis
338 2488 541 2566 laborare:
573 2483 715 2590 sapius
737 2507 828 2566 aetas
843 2483 1009 2591 puerilis
1029 2483 1178 2566 abhoc
1203 2513 1310 2568 mor„

268 2623 325 2704 bo
341 2624 465 2702 libera
479 2644 548 2703 est.
608 2621 800 2702 Mulieres
821 2642 1084 2726 pregnantes,
1098 2643 1142 2702 et
1154 2625 1310 2726 vetulae,

268 2785 372 2868 quas
386 2745 593 2838 menstrua
606 2757 991 2864 nuperdefecerunt,
1003 2760 1309 2864 opportuniores

239 2890 244 2900 ’
271 2895 761 2982 sunthaemorrhoidibus.
810 2896 911 2976 Aliae
926 2895 1108 2978 foeminae
1124 2897 1312 2980 videntur

269 3035 413 3114 minus
428 3033 505 3113 illis
522 3033 670 3133 uexari,
701 3061 828 3140 quam
847 3033 935 3114 viri.
1173 3031 1176 3042 ’

329 3173 378 3249 In
399 3169 649 3278 quibusdam
665 3171 841 3277 corporis
863 3169 1221 3260 constitutionibus
1234 3171 1314 3252 hae.
1422 3154 1424 3162 ¹

270 3308 526 3388 mortho'r'des
555 3293 773 3389 familiares
801 3331 910 3408 sunt,
938 3332 1094 3390 etcum
1122 3307 1312 3393 brevibus

271 3443 644 3530 intermissionibus
657 3471 735 3550 ¹per
752 3445 932 3526 hominis
962 3469 1119 3538 aetatem
1138 3467 1311 3534 manent.

272 3581 403 3660 Nocet
426 3567 538 3666 elvus
565 3583 628 3661 vel
657 3581 776 3682 dura,'
802 3585 865 3663 vel
884 3583 997 3664 fusa.
1055 3587 1152 3670 Non
1182 3587 1313 3674 solum

273 3719 435 3824 quoties
448 3729 587 3798 v'enter
597 3743 850 3820 exoneratur,
863 3721 1026 3827 sanguis
1042 3721 1145 3822 exit3
1173 3749 1315 3808 verum

276 3857 429 3950 humor
448 3885 604 3941 setosus
624 3859 697 3938 diu
713 3859 979 3964 perseveravit
998 3881 1139 3966 sponte
1165 3889 1237 3941 sua
1250 3861 1316 3974 ju-

272 3996 379 4110 giter
403 3993 577 4076 effluere.
638 3998 770 4075 Cruor
798 3995 1144 4078 haemorrho'idalis
1174 4021 1317 4080 sterco-

273 4134 390 4226 ¹ribus
404 4133 519 4238 quasi
533 4132 855 4238 superfundit-ur,
873 4161 959 4214 non
974 4157 1110 4216 autern
1125 4165 1222 4217 curn
1239 4136 1315 4232 ‚illis

277 4270 480 4360 miscetur.
525 4270 652 4350 Dolor
664 4249 844 4350 muitum
856 4296 1026 4378 augetur
1037 4275 1193 4380 quoties
1207 4275 1316 4362 alvus

275 4405 495 4508 deseendit,
506 4435 580 4488 nec
593 4407 670 4500 nisi
685 4429 777 4526 post
788 4405 907 4504 hores
920 4411 1077 4532 aliquot
1087 4439 1130 4492 se
1137 4413 1315 4508 remittit,
