3104 5084
275 689 464 798 quaedam
491 681 741 786 deformitas,
768 687 831 770 vel
864 681 940 766 alia
967 685 1144 770 adversa
1165 689 1321 788 saletu-

273 825 385 908 dinis
421 823 573 906 indicia
619 845 726 906 sunt.
798 823 958 904 Verum
995 822 1039 904 in
1076 825 1191 908 nulla
1235 849 1321 910 non

271 985 388 1045 atate
415 961 614 1070 reperitur
632 960 719 1042 hoo
737 961 908 1060 malum,
934 955 1046 1066 quod
1064 960 1189 1046 etiam
1218 963 1322 1044 infe-

274 1122 374 1182 runt
393 1099 566 1200 asthma,
595 1093 844 1206 affectusque
872 1096 1254 1206 hypoohondriaous
1282 1121 1322 1182 et

272 1235 512 1346 hystoricus,
545 1233 737 1344 podagra,
764 1234 864 1316 vitia
892 1235 1010 1336 cutis,
1037 1237 1320 1344 occupationes

274 1375 427 1474 ninum,
463 1371 636 1474 inflatio,
670 1371 841 1478 vertigo,
878 1371 1120 1454 defectiones
1161 1376 1321 1476 animae,

273 1512 513 1619 importuna
527 1509 727 1617 cupiditas
741 1509 887 1610 urinae,
905 1531 945 1590 et
959 1509 1026 1590 illa
1039 1510 1239 1592 universa
1254 1539 1322 1594 va·

274 1648 469 1730 latudinis
501 1643 797 1754 conquassatio,
824 1643 898 1726 ubi
925 1639 1066 1728 omries
1096 1648 1189 1732 vita
1216 1649 1320 1731 vires

274 1788 481 1894 languent.
540 1786 668 1893 AEgris
687 1785 751 1868 his
767 1783 919 1868 arteria
938 1784 1020 1866 fere
1036 1807 1193 1894 semper
1210 1787 1320 1868 inor·-

272 1925 411 2006 dinate
429 1945 660 2022 moventur,
687 1943 727 2003 et
745 1919 953 2028 palpitatio
976 1899 1186 2005 interdum
1206 1943 1319 2006 tanta

138 2147 141 2155 ,
273 2060 370 2160 fuit,
397 2081 446 2141 ut
459 2085 610 2142 sonum
629 2081 795 2167 quoque
815 2059 993 2166 aliquem
1013 2058 1196 2142 efficerit.

329 2199 409 2278 His
420 2195 585 2279 affectus
596 2195 809 2278 manifesta
820 2196 1059 2301 cognatione
1069 2195 1314 2304 conjunctos

252 2353 331 2432 ,est
341 2361 438 2414 oum
449 2333 536 2416 istis
545 2334 699 2418 morbis
712 2335 786 2442 qui
797 2332 1079 2422 existimantur
1090 2356 1312 2444 nervorum

269 2470 423 2584 proprii
438 2499 533 2570 esse,
551 2470 706 2589 quique
725 2468 932 2576 sanguinis
951 2469 1143 2552 missione
1161 2499 1313 2578 augen-

270 2631 363 2706 tur3
391 2607 469 2688 hoc
484 2607 612 2714 igitur
626 2607 854 2690 remedium
868 2606 1111 2714 plerumque
1125 2608 1319 2697 omitten-

270 2745 464 2845 domest,
492 2745 583 2826 lieet
600 2744 644 2824 id
663 2746 783 2826 semel
812 2765 934 2850 atque
956 2745 1108 2824 iterum
1127 2745 1214 2826 vidi
1234 2746 1313 2826 im-

271 2909 382 2992 pune
411 2884 565 2982 saltem,
592 2881 625 2962 si
645 2907 737 2964 ‘non
769 2875 900 2988 (quod
931 2905 1038 2986 aegro
1067 2881 1209 2962 visum
1236 2885 1314 2996 est)

269 3019 424 3101 utiliter
442 3017 685 3100 adhibitum.
741 3019 863 3098 Unus
876 3017 1049 3124 jacendo
1063 3018 1217 3100 levatus
1232 3043 1310 3108 est:

199 3135 201 3141 ¹
271 3155 422 3238 caeteris
452 3154 646 3236 omnibus
675 3153 844 3237 inlecto
869 3155 1040 3236 morbus
1068 3175 1213 3236 auctus
1242 3177 1316 3255 est,

270 3315 364 3381 tum
381 3292 582 3400 praecipue
605 3292 798 3372 molestus
815 3289 897 3372 fuit
916 3292 1317 3398 expergiscantibus3

272 3449 391 3514 nocet
406 3427 531 3520 etiam
546 3447 686 3508 venter
700 3429 793 3510 cibo
811 3407 1199 3536 potuqueonustus.

310 3565 369 3644 ⁴Si
387 3563 755 3647 animadvertamus
770 3592 898 3672 quam
925 3564 1102 3646 celeriter
1120 3563 1310 3648 nonnulli

274 3729 323 3782 ex
336 3699 399 3781 his
413 3701 526 3808 aegris
539 3701 941 3800 mrtlnmavenianu
968 3701 1317 3808 quamdiuautem

273 3837 405 3926 cordis
425 3837 633 3944 palpitatio
652 3836 786 3920 trahat
803 3837 848 3918 in
867 3838 968 3938 aliis,
995 3865 1091 3922 cum
1112 3839 1206 3918 satis
1235 3837 1314 3919 levi

216 4065 221 4074 ,
271 3973 452 4060 sanitatis
466 3973 770 4080 perturbatione
782 4010 794 4074 ;
823 3995 916 4056 tum
930 3976 1071 4080 longas
1085 3973 1171 4080 ejus
1189 3975 1314 4055 inter*

271 4111 507 4212 missionem
536 4131 740 4218 postremo
762 4109 1068 4219 palpitationem
1086 4113 1150 4193 vel
1178 4111 1224 4192 in
1253 4139 1315 4193 sa·

272 4247 449 4343 pissimis
472 4247 637 4330 excitari
655 4273 770 4355 posse
789 4249 873 4330 solo
892 4247 1156 4355 cogitatione3
1184 4271 1233 4328 ex
1250 4245 1315 4327 his

272 4385 468 4484 omnibus
497 4383 765 4502 manifestum
792 4407 852 4471 est
869 4411 959 4470 eam
976 4407 1027 4468 ox
1044 4385 1162 4468 vaaiie
1185 4386 1315 4468 causis
1356 4384 1366 4398 “
