2990 5078
750 494 852 624 irs

277 739 340 822 bis
368 760 441 820 aut
473 738 616 847 saepius
645 739 829 846 quotidie
863 737 1110 820 madefacere
1139 767 1249 847 aqua
1276 739 1320 822 in

192 913 196 928 .
281 883 365 984 qua
382 873 468 956 haec
487 873 602 957 radix
619 875 784 956 decocta
802 897 871 956 est.
1217 871 1222 890 '

335 1011 478 1096 Morbi
504 1011 726 1118 contagiosi
752 1012 832 1112 alii,
862 1033 1062 1118 tanquam
1080 1011 1256 1111 variolae,
1283 1032 1346 1092 et·

279 1149 474 1249 morbilli‚
504 1147 715 1230 hominem
740 1151 862 1229 semel
890 1171 1054 1230 tanturn
1082 1149 1126 1227 in
1146 1151 1228 1229 vita
1257 1177 1326 1230 oca

281 1306 458 1392 cupant3
488 1283 568 1386 alii,
586 1284 699 1366 velut
719 1285 869 1391 angina
888 1283 1007 1384 mala,
1033 1307 1072 1365 et
1092 1286 1210 1366 tussis
1230 1273 1330 1365 con-

191 1511 194 1518 ,
280 1421 452 1522 vulsiva,
477 1420 691 1522 rarissime,
712 1422 921 1504 interdum
947 1445 1085 1506 tamen
1116 1423 1178 1502 bis
1211 1422 1329 1502 inva-v

281 1559 404 1658 dunr;
425 1557 492 1639 alii
504 1533 722 1666 corporum
730 1580 1098 1672 tempestatumque
1111 1559 1249 1639 habita
1261 1586 1327 1640 ra-

283 1697 394 1810 tione
412 1697 615 1796 incidunt,
643 1695 875 1802 cujusmodi
901 1718 998 1776 sunt
1017 1695 1257 1804 dysenteria,
1289 1720 1331 1778 et

283 1833 408 1917 febris
428 1833 650 1934 castrensis,
678 1857 718 1915 et
737 1833 867 1938 pestis.
927 1834 1084 1920 Scabies
1109 1857 1259 1934 autem,
1289 1857 1331 1918 et

281 1972 368 2052 lues
379 1972 575 2072 Venerea,
589 1997 805 2077 nunquam
817 1971 873 2050 ita
884 1969 1091 2068 desinunt,
1106 1991 1153 2050 ut
1167 1999 1254 2049 non'
1266 1993 1332 2052 to—

284 2105 357 2190 ties
387 2105 514 2187 redire
543 2107 711 2214 possint,
740 2109 896 2214 quoties
927 2107 1178 2212 contagionis
1212 2134 1329 2188 occa-

286 2243 416 2352 siones
445 2271 560 2328 novae
587 2268 813 2326 nascantur.
872 2247 979 2324 Bene
1004 2245 1141 2350 itaque
1169 2243 1331 2330 factum

284 2402 358 2478 est,
370 2379 484 2488 quod
498 2409 545 2461 ex
558 2381 688 2462 tribus
703 2381 781 2462 illis
801 2379 993 2488 specificis
1009 2380 1217 2478 remediis,
1228 2409 1328 2487 quae

285 2517 405 2599 nobis
419 2517 558 2602 divina
572 2517 752 2599 bonitate
774 2519 926 2602 tributa
941 2539 1049 2616 sunt,
1069 2519 1152 2601 duo
1171 2515 1330 2602 fuerint

281 2652 438 2736 horum
456 2655 700 2736 morborum
718 2656 889 2762 propria.
951 2655 1172 2767 Quodnisi
1192 2655 1249 2734 ita
1267 2684 1329 2736 es-

287 2811 359 2890 set,
391 2790 528 2872 morbi
557 2791 738 2900 profecto
769 2815 920 2898 turpes,
948 2791 1077 2872 indies
1116 2815 1332 2897 serpentes,

286 2927 452 3010 tandem
464 2929 703 3022 universum
717 2959 844 3038 genus
859 2929 1092 3012 humanum
1103 2929 1330 3034 implicuis-

290 3087 389 3149 sent.

707 3414 815 3494 Car.
837 3417 903 3498 24.

615 3571 684 3656 De
704 3573 1003 3657 Destillatioae.

278 3749 283 3756 '
343 3735 674 3817 Nacrssanron
709 3755 854 3835 astos,
882 3757 921 3816 et
954 3735 1103 3838 fauces,
1131 3760 1171 3820 et
1200 3767 1329 3842 nares,

289 3893 410 3981 atque
429 3873 567 3954 oculos
593 3869 750 3953 assidue
769 3873 954 3972 madere;
985 3898 1233 3984 quapropter
1249 3877 1329 3959 hu-

287 4035 381 4090 mor
400 4031 541 4092 manat
559 4009 609 4092 de
628 4007 878 4117 quibusdam
896 4011 1113 4117 glandulis,
1140 4034 1180 4095 et
1198 4041 1329 4096 mem.

286 4145 451 4248 branis3
480 4147 555 4256 qui
573 4147 607 4229 si
625 4147 800 4228 modum
818 4149 1044 4230 naturalem
1063 4151 1239 4253 excedat,
1266 4149 1328 4234 di-

288 4286 395 4369 citur
413 4285 640 4387 destillatio,
667 4283 857 4394 gravedo,
876 4287 939 4398 vel
958 4287 1176 4372 catarrhus.
1221 4292 1329 4373 'Hoc

287 4418 541 4533 profluvium
562 4445 694 4533 potest
722 4421 824 4508 oriri
838 4424 902 4506 vel
927 4449 976 4507 ex
1004 4425 1264 4532 resolutione,
1289 4449 1330 4512 et
