2990 5078
733 445 735 452 ’
774 501 891 604 116·

304 715 373 796 vix
392 714 611 814 mentione,
630 715 786 796 nedum
798 715 1074 798 confutatione
1093 716 1269 824 dignuni
1282 717 1343 799 sit.

282 855 284 860 ’
304 843 425 933 Hanc
445 875 583 932 tamen
605 854 844 933 sententiam
865 881 978 960 aeque
998 882 1136 935 veram
1155 881 1237 935 esse
1257 881 1348 935 cen·

307 983 387 1088 s'e0,
399 1017 443 1068 ac
456 973 580 1087 illam,
594 1015 719 1094 quarn
731 990 852 1069 multi
865 990 942 1070 viri
954 1017 1093 1096 graves
1106 1012 1287 1090 tuentur,
1298 989 1347 1069 de

138 1111 140 1118 ¹
265 1119 273 1130 ’
308 1123 539 1204 salubritate
552 1125 748 1231 podagrae.
763 1128 887 1208 .lnter
898 1113 1203 1233 remediahujus
1212 1126 1347 1208 morbi

307 1261 532 1370 principem
559 1262 696 1343 locum
727 1285 835 1344 tenet
865 1264 1011 1364 sulfur,
1042 1265 1156 1373 quod
1194 1261 1347 1375 specifi-

307 1427 411 1499 cam,
438 1427 563 1506 quam
584 1399 712 1499 aiunt,
738 1426 807 1481 seu
826 1402 1031 1508 propriam
1061 1401 1270 1508 quandam
1287 1398 1348 1480 fa-

308 1535 499 1616 cultatem
518 1533 640 1616 habet
658 1536 717 1614 illi
737 1537 936 1618 medendi.
995 1539 1088 1619 Hoc
1109 1564 1265 1644 semper
1283 1559 1348 1617 tu-

309 1677 401 1754 tum
413 1695 484 1770 est,
497 1695 536 1754 et
548 1699 766 1780 nunquam
780 1674 901 1754 nimis
915 1674 994 1756 cito
1004 1673 1188 1755 adhiberi
1200 1695 1347 1782 potest;

309 1811 446 1918 itaque
475 1811 668 1892 omnibus
698 1809 783 1891 aliis
807 1833 866 1892 est
894 1809 1213 1894 anteferendum.
1270 1811 1349 1892 Sed

307 1946 410 2028 illud
430 1939 619 2030 odiosum
634 1969 705 2049 est,
726 1949 838 2055 quod
853 1950 955 2030 odor
966 1949 1111 2050 malus,
1129 1972 1169 2030 et
1183 1947 1347 2030 foeditas

308 2083 431 2190 hujus
443 2073 749 2187 medicamenti,
763 2084 1061 2174 delicatioribus
1078 2107 1117 2166 et
1130 2082 1355 2166 fastidiosis·

309 2219 473 2304 offensae
487 2251 569 2304 esse
584 2221 723 2304 solent.
781 2223 1059 2329 Unguentum
1069 2221 1234 2304 sulfuris
1251 2221 1346 2311 locis

310 2355 459 2441 affectis
474 2359 693 2441 inunctum
713 2359 908 2468 quotidie,
929 2359 1124 2440 morbum
1139 2359 1250 2440 hunc
1265 2358 1358 2465 ple·.

309 2521 485 2603 rumque
501 2494 604 2576 tollit
619 2496 725 2576 intra
739 2495 878 2576 decem
891 2495 987 2576 dies.
1032 2473 1146 2576 Idem
1160 2483 1347 2601 unguen·

310 2655 403 2715 tum
436 2633 606 2741 pedibus
637 2633 729 2714 solis
763 2633 927 2733 illitum,
956 2655 1027 2714 aut
1063 2632 1186 2713 etiam
1216 2631 1349 2714 sulfur

310 2771 474 2854 indusio
486 2797 708 2878 aspersum,
738 2769 881 2851 eodem
900 2771 1029 2852 valere
1047 2767 1248 2851 feruntur.
1302 2869 1306 2880 ι

366 2911 598 3015 Argentum
626 2907 770 2988 vivum
801 2909 962 2988 videtur
989 2907 1181 3013 privatim
1210 2905 1347 3008 efficax

310 3047 392 3128 'esse
418 3067 557 3126 contra
585 3043 662 3125 hoc
685 3044 845 3124 vitium.
904 3043 1067 3124 Etenim
1093 3044 1126 3123 si
1154 3071 1252 3124 cum
1280 3043 1347 3125 ovi

313 3181 419 3282 albo,
446 3204 517 3262 aut
536 3181 718 3288 quolibet
738 3208 856 3260 succo
882 3178 1087 3285 glutinoso
1107 3201 1347 3279 conteratur,

312 3319 458 3400 deinde
476 3347 586 3399 zonae
603 3319 724 3400 laneae
738 3317 933 3417 illinatur‚
951 3338 991 3419 et
1004 3302 1162 3423 corpori
1177 3317 1348 3397 circum-

240 3533 253 3553 ,
312 3455 445 3554 detur,
463 3443 574 3562 ⁸saepe
593 3455 789 3536 morbum
819 3453 949 3534 solvit.
1008 3455 1166 3534 Tamen
1194 3455 1349 3534 mirum

314 3579 475 3673 'videtur
501 3591 611 3672 unde
626 3589 815 3691 evenerit,
843 3611 891 3670 ut
909 3589 953 3670 in
972 3589 1127 3670 morbis
1149 3579 1350 3688 Venereis,

313 3750 532 3838 postquam
543 3719 688 3836 corpus
704 3727 1021 3834 sesquimensem
1032 3725 1251 3834 inunctum
1263 3725 1351 3807 fue·
1474 3739 1475 3763 ¹

314 3869 368 3950 rit
380 3853 592 3974 unguento
607 3864 865 3974 hydrargyri,
884 3863 1033 3944 scabies
1045 3855 1255 3944 interdum
1266 3891 1351 3944 ma-

314 4027 407 4086 neat
439 4003 601 4102 invicta.
659 4001 850 4082 Dubium
880 3999 1049 4108 quidem
1074 4021 1146 4100 est,
1178 4000 1352 4082 medica·

309 4141 450 4225 'menta
492 4169 541 4223 ex
577 4141 655 4222 hoc
702 4139 864 4220 metallo
903 4137 1142 4218 laboriosius
1187 4163 1350 4246 compo-

314 4281 402 4380 sita,
430 4279 592 4387 propria
620 4276 799 4384 quadam
818 4274 860 4354 vi
889 4271 990 4356 fiant
1019 4259 1272 4382 antipsori‘ca,
1299 4299 1349 4355 an

306 4393 476 4500 'tantum
500 4415 827 4534 ratione-naturae
847 4437 928 4494 euae
948 4410 1049 4494 acris
1079 4433 1119 4494 et
1135 4410 1348 4504 exedentia
