3050 5084
281 617 448 700 Levatio
467 617 630 726 frigida,
649 641 688 702 et
706 619 1033 722 exulcerationes,
1060 620 1269 702 nonnullis

224 755 319 838 visae
342 780 437 838 sunt
466 757 676 865 profuisse.
735 759 1035 840 Medicamenta
1055 757 1270 860 inritantia,

225 915 266 974 et
294 895 523 1000 purgantia,
553 917 606 996 et,
624 917 673 975 ut
692 895 816 976 verbo
845 894 993 996 dicam,
1013 895 1151 976 omnia
1179 894 1270 996 alia,

221 1059 316 1112 meo
329 1031 487 1138 judicio
506 1031 675 1112 fuerunt
690 1059 947 1139 supervacua.

279 1171 380 1250 Haec
409 1169 544 1294 subita
563 1169 671 1250 vocis
691 1167 866 1250 mutatio
893 1169 939 1248 in
959 1196 1187 1268 susurrum,
1215 1167 1267 1298 de

221 1334 306 1414 qua
317 1307 406 1414 jam
425 1288 557 1388 sermo
572 1331 630 1388 est
632 1336 826 1414 ,prorsus
846 1308 1003 1388 diversa
1017 1329 1076 1386 est
1094 1336 1118 1386 a
1136 1306 1267 1388 tauci-

220 1465 315 1545 tate,
335 1473 462 1552 quam
477 1445 656 1554 spirandi
676 1443 904 1546 difficultas,
919 1467 959 1526 et
977 1443 1265 1526 destillationes
1347 1465 1348 1472 ‘

221 1611 362 1672 secum
376 1583 527 1665 ferunt.

533 1905 540 1919 ·
629 1859 735 1940 Cae.
766 1860 857 1939 101.

614 2019 682 2100 De
705 2017 885 2103 Urina*.

194 2163 198 2172 ’
279 2185 456 2264 Uarum
486 2181 685 2290 cupiditas
705 2203 848 2288 praeter
873 2179 1213 2264 consuetudinem
1242 2207 1266 2259 a

222 2322 343 2402 variis
356 2321 484 2402 causis
497 2317 778 2428 proficiscitur,
788 2347 966 2426 quarum
977 2319 1183 2400 nonnullae
1196 2346 1264 2399 su-

155 2493 157 2498 ’
221 2485 295 2566 pra
312 2459 498 2568 exposita
512 2479 618 2538 sunt.
677 2457 791 2538 Idem
803 2457 951 2538 vitium
963 2457 1172 2540 interdum
1183 2451 1264 2536 ori·

220 2619 290 2677 tur
308 2587 357 2678 err
371 2595 524 2676 scirrho
544 2594 672 2694 lienis,
691 2616 792 2675 etex
811 2594 965 2675 morbis
981 2592 1204 2703 hystericis,
1222 2611 1263 2674 et

219 2734 462 2842 paralyticis,
480 2756 519 2814 et
532 2733 625 2840 jure
643 2733 817 2813 habetur
834 2733 880 2813 in
898 2734 1013 2814 malis
1034 2729 1260 2814 senectutis.

219 2871 332 2950 Alios
352 2893 478 2950 noctu
497 2891 660 2982 tantum
679 2869 850 2968 vexavit,
878 2895 1042 2949 somnos
1064 2865 1261 2948 molestis-

220 3009 320 3090 sime
340 2997 612 3114 abrumpens,
643 3007 746 3102 alios¹
764 3005 875 3114 pejus
895 3005 1041 3088 habuit
1067 3003 1261 3106 interdiu,
1381 3053 1382 3056 κ

220 3167 260 3228 et
270 3166 397 3227 noctu
414 3143 497 3225 fere
513 3144 758 3254 conquievit.
854 3141 856 3148 ⁴

274 3283 415 3364 Urina
431 3280 645 3362 difficultas
661 3309 745 3362 non
757 3283 891 3362 solum
907 3279 954 3363 fit
966 3311 1014 3363 ex
1025 3282 1153 3364 causis
1167 3301 1260 3363 ante

218 3419 436 3519 recensitis,
451 3417 519 3498 sed
531 3419 652 3500 etiarn
664 3446 712 3499 ex
724 3419 966 3500 resolutione
978 3421 1259 3500 musculorum

221 3557 295 3664 qui
314 3556 425 3636 illam
445 3556 635 3662 expellere
654 3557 814 3638 debent.
871 3557 920 3636 In
939 3556 1121 3662 quodam
1140 3558 1261 3638 urina

216 3687 304 3774 eine
324 3691 520 3772 cathetere
539 3691 655 3773 reddi
675 3721 760 3773 non
779 3693 913 3799 potuit
941 3721 1011 3801 per
1030 3694 1261 3795 biennium,

216 3859 301 3940 quo
320 3852 500 3936 tempore
514 3829 715 3936 elapso,
678 3857 780 3911 vires
797 3829 975 3936 partium
988 3832 1257 3915 resolutarum

219 3967 411 4048 restituta
432 3988 541 4068 sunt,
556 3989 596 4048 et
613 3966 782 4047 morbus
803 3965 943 4048 finitus
964 3989 1033 4048 est.

253 4155 273 4192 ⁴·
293 4150 490 4214 consulantur
510 4135 606 4232 capita
633 4153 667 4214 de
702 4151 826 4224 Calculo,
858 4113 1044 4226 Graviditete,
1075 4153 1209 4234 reclusio,
1231 4171 1261 4223 et

218 4256 396 4338 stranguria.
