3104 5084
634 417 736 531 269

188 628 281 712 losis
296 626 406 712 fiunt
420 629 646 738 pallidiores
661 631 707 712 in
725 629 845 734 facies
874 631 973 722 item
987 632 1033 716 in
1049 651 1235 744 quorun·

187 765 284 846 dam
302 767 478 848 brachiis
493 791 533 848 et
547 791 723 876 pectore:
751 769 798 850 in
813 769 899 852 aliis
915 770 1080 852 brachia
1099 771 1235 854 adhuc

187 906 401 986 saturrime
429 907 591 987 rubent.
650 907 699 986 ln
717 905 819 988 facie
847 935 1015 1016 quoque
1040 909 1164 992 unius
1193 931 1235 992 et
1351 993 1355 1003 ,

187 1042 349 1124 alterius
370 1043 481 1125 color
499 1043 756 1124 rubicundus
771 1046 1004 1150 permansit.
1065 1046 1234 1158 Quibus

186 1177 253 1258 rix
262 1179 345 1258 ulla
353 1179 643 1264 morbillorum
653 1180 1058 1288 vestigiasupersunt‚
1069 1181 1235 1266 iietiam

187 1315 336 1396 caeteris
351 1315 396 1397 in
412 1317 533 1402 rebus
548 1317 652 1398 belle
672 1316 841 1430 habent:
869 1318 991 1398 tussis
1006 1347 1102 1400 vero
1116 1343 1156 1402 et
1174 1319 1234 1400 fe·

186 1451 268 1536 bris
298 1454 388 1534 illos
419 1455 549 1561 magis
578 1477 776 1556 exercent,
803 1454 849 1534 in
880 1455 1032 1562 quibus
1062 1458 1232 1542 maculae

186 1589 375 1670 nondum
386 1591 547 1698 pallent.
586 1591 717 1672 Modo
730 1591 849 1672 tussis
863 1591 1085 1694 minuitur;
1104 1595 1234 1678 modo

186 1727 304 1808 tussis
334 1751 375 1811 et
392 1728 518 1810 febris
547 1727 775 1810 admodum
802 1750 962 1836 urgent.
1020 1730 1232 1842 Lacrymae
1290 1782 1293 1797 ·

186 1891 296 1946 nunc
310 1863 396 1948 fere
411 1865 653 1968 subsistunt,
671 1885 944 1974 preterquam
957 1865 1002 1946 in
1017 1866 1109 1968 illis,
1126 1897 1233 1977 quo·
1368 1925 1369 1930 Ν

186 2027 280 2082 rum
298 2003 407 2084 oculi
426 2005 490 2084 vel
509 2025 655 2086 natura
673 2027 771 2086 sunt
791 2002 1020 2104 debiliores,
1038 2006 1103 2086 vel
1120 2033 1233 2090 mor·

186 2137 290 2220 billis
309 2139 509 2247 majorem
526 2143 574 2224 in
590 2141 766 2222 modum
785 2140 867 2222 laesi
881 2140 955 2222 diu
974 2165 1112 2249 postea
1126 2147 1232 2230 male

186 2274 346 2360 habent.
405 2279 732 2362 Sternutamenta
743 2279 788 2360 in
799 2279 912 2360 hunc
924 2279 1034 2362 diem
1050 2274 1234 2389 ponere-²

185 2437 391 2516 raserunt,
415 2415 486 2498 sed
503 2444 589 2498 non
616 2416 696 2498 nisi
715 2415 927 2500 rarissime.
986 2418 1117 2500 Facies
1139 2418 1230 2525 jam

186 2545 231 2631 fit
248 2550 436 2634 furfurea
454 2581 551 2634 cum
571 2553 794 2660 prurigine,
814 2581 906 2660 quae
926 2552 1094 2658 prurigo
1113 2555 1232 2650 brevi

185 2709 321 2776 cutem
349 2689 582 2770 universam
611 2688 787 2790 infestat,
815 2711 855 2770 et
873 2710 932 2770 est
962 2690 1232 2798 praecipuum‚
1261 2755 1263 2763 ,

186 2825 246 2904 vel
272 2823 448 2909 unicum
467 2826 634 2908 malum.
694 2827 787 2906 Hoc
814 2825 880 2906 die
899 2847 1231 2920 menstruosum
1257 2800 1260 2818 ¹

186 2983 428 3044 consuetum
446 2985 606 3070 tempus
622 2959 916 3068 profluxerunt.

238 3099 314 3180 Die
335 3100 494 3206 quinto.
554 3099 699 3182 Rubor
717 3099 972 3181 macularum
1000 3098 1230 3182 admodum

185 3233 336 3316 dilutus
356 3257 415 3318 est
433 3236 529 3318 etin
543 3235 657 3336 facie,
675 3258 715 3318 et
733 3235 783 3314 in·
797 3233 996 3334 brachiis3
1025 3257 1162 3316 tamen
1180 3219 1229 3316 in

185 3371 431 3476 quibusdam
461 3372 577 3456 facile
606 3371 851 3479 percipitur;
880 3371 926 3452 in
945 3372 1031 3452 aliis
1060 3399 1230 3478 prorsus

184 3506 358 3590 decessit.
418 3507 511 3592 Cibi
531 3509 729 3617 cupiditas
750 3509 867 3608 redit,
894 3529 936 3590 et
952 3507 1123 3590 morbus
1136 3509 1226 3616 jam

185 3641 263 3728 fere
282 3645 439 3730 finitur.
499 3647 598 3760 Quo
617 3647 746 3754 magis
770 3645 919 3754 pallent
938 3647 1230 3730 morbillorum

186 3803 302 3884 notae,
329 3813 378 3866 eo
396 3783 542 3866 melius
561 3786 697 3868 valent
723 3783 962 3866 morbillosi.
1020 3784 1160 3866 Tussis
1180 3785 1228 3866 in

186 3920 385 4030 plerisque
417 3923 557 4004 mitior
590 3944 663 4022 est,
695 3921 740 4002 in
774 3920 1025 4028 quibusdam
1061 3947 1231 4028 prorsus

188 4059 447 4166 conquiescit:
477 4059 575 4141 alios
590 4081 728 4149 autem
742 4057 874 4165 pergit
885 4083 1027 4140 vexare
1046 4057 1120 4156 diu
1135 4081 1231 4164 post

187 4197 379 4278 morbum
390 4194 569 4280 finitum.
627 4197 842 4280 Menstrua
853 4194 977 4288 etiam
991 4193 1112 4276 hodie
1124 4216 1232 4300 tem7

188 4357 279 4434 pore
298 4361 383 4416 non
402 4361 476 4418 suo
495 4329 621 4419 fluere
640 4353 864 4442 coepemnt.
899 4421 905 4428 ,
996 4423 999 4430 .
1087 4425 1090 4432 Δ
