3016 5076
788 451 857 544 58

298 685 371 766 per
381 656 549 764 triginta
560 683 687 738 annos
700 655 864 737 nullum
876 655 1055 746 reditum
1069 663 1222 769 experti
1234 675 1342 757 saint.

298 795 533 876 Rarissimae
553 791 722 902 quidem
734 791 909 876 sunthae
923 795 1063 900 -longae
1076 797 1342 884 intermissio-

297 962 388 1016 nes:
414 961 511 1014 nam
530 933 771 1048 plerumque
786 933 1005 1040 quotannis
1018 933 1135 1036 redit,
1149 959 1189 1018 et
1201 937 1342 1046 singu.

298 1071 347 1152 lis
362 1069 655 1152 accessionibus
671 1068 774 1148 vires
794 1067 979 1180 acquirit.
1031 1071 1219 1182 Quidam
1226 1077 1346 1166 ,asths

296 1208 483 1308 maticus,
494 1235 541 1288 ex
554 1206 683 1312 longis
692 1182 983 1314 atqueincertis
996 1206 1230 1312 intervallis,
1242 1242 1343 1306 cum

295 1348 444 1428 morbo
454 1344 967 1428 suounumtantummodo
976 1345 1085 1432 diem
1096 1347 1345 1457 luctabatur,

295 1483 515 1590 etsingulis
530 1483 652 1589 hujus
666 1481 746 1562 diei
758 1481 868 1562 horis
879 1481 1065 1588 jamjam
1085 1489 1346 1592 strangulan-

294 1621 373 1702 dus
380 1621 611 1718 videbatur,
633 1620 706 1738 qui
715 1641 851 1698 tamen
862 1619 968 1700 inter
980 1621 1221 1712 accessiones
1236 1625 1345 1708 belis

294 1759 463 1840 valebat.
519 1757 732 1838 Interdum
766 1755 931 1861 spiritus
959 1783 1061 1862 aegre
1085 1757 1262 1840 trabitur
1295 1762 1345 1844 in
1401 1827 1404 1834 .

293 1894 544 2003 quibusdam
556 1895 759 1992 locis,non
772 1915 909 1982 autem
920 1892 965 1971 in
979 1893 1078 1994 aliis,
1090 1895 1171 1978 siut
1180 1897 1346 1980 licetvi-

293 2035 397 2132 cina,
412 2055 450 2140 et
469 2033 640 2112 omnino
655 2029 894 2111 consimilia.
945 2030 1028 2110 Alii
1048 2032 1345 2137 superfuerunt

294 2169 594 2280 quinquaginta
629 2195 773 2266 annos3
815 2165 912 2246 alios
950 2167 1087 2272 paucis
1125 2172 1342 2256 mensibus

292 2307 463 2388 morbus
483 2303 693 2386 interfecit.
754 2301 1018 2414 Quibusdam
1048 2305 1221 2410 contigit
1254 2335 1343 2390 esse

291 2466 378 2526 tam
394 2441 593 2540 felicibus,
610 2463 658 2520 ut
671 2441 734 2520 vel
748 2438 939 2544 corporis,
959 2441 1022 2524 vel
1037 2441 1251 2524 medicinas
1266 2443 1342 2527 be·-

292 2579 452 2680 neficio‚
471 2579 629 2662 asthma
643 2605 690 2660 ex
702 2599 789 2658 toto
805 2576 961 2657 victum
976 2576 1038 2658 sit.
1069 2579 1213 2680 Semel,
1227 2605 1345 2687 post-

294 2745 421 2826 quam
441 2743 654 2798 summum
674 2713 902 2820 perieulum
920 2713 1201 2816 intentaverat,
1230 2719 1344 2802 vale-

291 2855 394 2936 tudo
423 2853 522 2936 adeo
541 2850 781 2938 confirmata
798 2872 871 2950 est,
899 2872 946 2932 ut
965 2851 1029 2932 vir
1047 2852 1216 2934 biennio
1243 2859 1343 2960 post

289 2991 489 3076 consueris
519 2989 689 3096 negotiis
719 2987 908 3094 occupari
935 2984 1052 3070 facile
1080 2989 1338 3086 sustinuerit,

288 3133 336 3211 In
352 3131 429 3210 alio
444 3129 555 3210 idem
566 3125 735 3208 morbus
748 3147 839 3230 post
850 3145 1029 3232 quatuor
1040 3151 1168 3208 annos
1182 3129 1338 3212 substi.

286 3272 350 3370 tit,
363 3292 403 3351 et
418 3295 580 3374 prorsus
596 3265 736 3346 finitus
748 3243 818 3346 est.
877 3265 980 3346 Puer
994 3265 1144 3346 crebris
1160 3289 1200 3348 et
1212 3269 1341 3352 vehe-

114 3443 120 3460 ·
201 3463 203 3470 ,
285 3405 493 3490 mentibus
509 3403 802 3487 accessionibus
818 3423 981 3483 tantum
996 3427 1081 3482 non
1100 3405 1340 3511 succubuit,

284 3563 327 3625 et
353 3565 491 3624 tamen
517 3541 568 3623 ad
588 3561 835 3622 senectutem
863 3539 1058 3646 pervenit,
1086 3540 1234 3643 morbo
1265 3541 1339 3624 in.-

285 3701 391 3762 terea
409 3682 591 3762 multum
616 3678 819 3790 mitigato,
837 3697 878 3758 et
902 3702 974 3782 per
993 3697 1172 3782 quatuor
1200 3707 1338 3764 annos

282 3817 366 3898 fere
380 3819 699 3926 conquiescente.
730 3819 826 3896 Non
841 3835 900 3896 est
912 3834 1167 3920 perpetuum,
1184 3843 1338 3902 verum

281 3955 498 4062 saepissime
513 3953 574 4058 fit,
592 3979 640 4036 ut
658 3953 777 4036 tussis
794 3979 961 4061 quoque
976 3951 1149 4052 accedat,
1167 3973 1207 4032 et
1227 3956 1337 4061 aegri

279 4093 509 4175 molestiam
522 4093 634 4174 haud
649 4119 795 4200 parum
814 4089 1020 4195 adaugeat.
1079 4089 1277 4172 Arthritis
1290 4113 1337 4182 et

279 4229 439 4312 asthma
457 4235 642 4312 coierunt
659 4229 704 4310 in
722 4255 809 4310 uno
827 4227 1011 4327 homine,
1036 4233 1163 4335 quem
1181 4227 1228 4308 in
1257 4255 1336 4316 an,

277 4395 354 4450 nos
373 4367 614 4476 quindecim
637 4363 858 4474 quotannis
877 4361 1140 4474 affligebant,
1169 4361 1336 4473 perdica
