3104 5084
720 587 725 594 .
809 445 911 562 an

767 767 874 852 Cae.
896 769 962 850 65.
1084 811 1087 816 ·

714 979 781 1060 De
803 977 1014 1062 Natuea*.

406 1173 926 1288 Gnavimuanarthritis,
939 1186 1122 1287 ebrietas,
1134 1185 1297 1271 affectus
1311 1187 1383 1298 hya

350 1321 686 1428 pochondriacus,
704 1326 873 1432 vertigo,
886 1351 1026 1431 graves
1050 1324 1189 1430 capitis
1219 1323 1384 1422 dolores,

350 1459 482 1560 tussis,
498 1461 671 1546 maxime
691 1461 809 1542 tussis
825 1460 1072 1558 convulsiva,
1092 1461 1382 1562 lumbricical·

246 1575 249 1584 ¹
350 1597 463 1676 culus
480 1623 640 1696 renum,
655 1621 863 1680 menstrua
874 1597 1116 1698 inordinata,
1131 1617 1255 1704 caput
1273 1597 1383 1692 vehe-

350 1733 526 1814 mentius
540 1733 982 1840 percussum,febris,et
990 1735 1105 1816 cibus
1118 1735 1245 1816 modo
1253 1736 1315 1816 vel
1322 1762 1384 1840 ge

351 1897 445 1970 nere
465 1897 647 1976 peccans,
666 1872 794 1952 solent
812 1871 1084 1952 ventriculum
1099 1868 1315 1972 offendere,
1331 1879 1384 1950 at}

351 2033 432 2111 que
451 2033 644 2088 nauseam
661 2035 835 2108 movere,
855 2035 982 2114 quam
1010 2035 1110 2114 saepe
1130 2008 1319 2114 praecedit
1344 2034 1384 2087 os

352 2145 677 2250 aquarepletum.
718 2147 876 2226 Nausea
889 2163 1008 2226 m'ane
1017 2145 1218 2251 praecipue
1227 2145 1384 2224 molesta

352 2301 421 2360 est.
452 2281 576 2362 Nervi
591 2281 816 2382 ventriculi,
828 2281 993 2388 perinde
1005 2309 1049 2362 ac
1062 2281 1129 2362 alii
1140 2279 1384 2379 omnes,hoc

353 2439 532 2524 tempore
548 2416 717 2500 forsitan
729 2419 992 2500 imbeciliores
1009 2403 1114 2501 sunt.
1162 2417 1291 2498 'Idem
1306 2443 1382 2496 ma·
1498 2481 1499 2503 i

353 2553 441 2634 lum
456 2553 663 2636 interdum
675 2555 825 2636 accedit
839 2537 969 2636 tiibus
982 2535 1198 2661 horis'post
1210 2553 1357 2636 cibum.

410 2690 761 2802 Quandoquidem
774 2691 840 2773 hic
860 2689 1023 2774 affectus
1042 2691 1212 2774 initium
1230 2689 1383 2772 habeta
1496 2719 1497 2739 ¹

332 2919 339 2928 ,
358 2847 419 2908 tot
437 2827 602 2910 diversis
623 2831 765 2930 causis,
782 2829 897 2912 facile
916 2828 1135 2935 conjectare
1154 2827 1262 2928 lieet,
1283 2823 1385 2934 quod
1495 2843 1496 2854 ³

355 2963 527 3070 ¹quidem
544 2993 641 3046 usus
657 2965 907 3071 comprobat,
935 2964 1104 3046 eandem
1123 2963 1313 3046 medendi
1331 2988 1384 3042 ra·
1494 2969 1495 2975 ‘

356 3099 511 3184 tionem
530 3125 615 3182 non
628 3101 820 3182 omnibus
834 3101 1058 3182 convenire.
1115 3101 1307 3198 Vomere,
1324 3123 1385 3178 cu·

358 3235 468 3337 bare,
479 3239 694 3319 aromatica
708 3261 747 3320 et
759 3239 898 3318 vinosa
914 3265 1085 3338 sumere,
1096 3257 1237 3318 venter
1251 3256 1385 3316 natura
1491 3315 1492 3331 ἰ

297 3439 298 3447 Ν
359 3375 423 3454 vel
441 3395 523 3454 arte
543 3376 710 3473 solutus,
729 3373 940 3456 linimenta
957 3403 1005 3456 ex
1031 3373 1126 3454 oleis
1146 3371 1334 3454 chemicis
1351 3389 1386 3450 et
1490 3419 1491 3449 i

358 3511 455 3618 opio
478 3511 689 3592 abdomini
704 3511 901 3613 infricata,
920 3513 983 3592 vel
995 3539 1044 3592 ex
1061 3511 1208 3592 iisdem
1227 3507 1384 3615 emplas-

359 3669 421 3730 tra
434 3675 552 3755 super
565 3647 820 3730 stomachum
832 3648 1180 3754 imposita,succus
1193 3647 1385 3727 limonum

359 3785 405 3867 in
424 3785 511 3894 ipso
529 3791 608 3866 usu
623 3787 702 3866 kali
722 3785 865 3865 mistus
881 3807 920 3868 et
940 3785 1072 3866 adhuc
1091 3769 1285 3891 spumans
1304 3807 1384 3886 epo·

361 3943 440 4022 tus,
457 3943 661 4029 postremo
680 3949 786 4028 aqua
805 3923 848 4001 in
868 3949 994 4038 quam
1008 3919 1182 4002 demissa
1195 3939 1255 4001 est
1273 3913 1386 3998 herba

362 4059 538 4148 mentha:
559 4059 707 4186 sativa,
726 4060 788 4139 vel
804 4059 900 4161 sola,
915 4059 977 4140 vel
997 4041 1094 4144 cum
1108 4057 1285 4139 tinctura
1302 4043 1385 4160 opii,

459 4371 478 4410 ⁴*
490 4351 573 4458 'Vide
582 4377 644 4446 qua
658 4367 732 4430 infra
746 4380 888 4455 precepta
901 4379 969 4432 m
982 4365 1075 4452 capite
1089 4371 1127 4432 99
1137 4367 1171 4428 de
1186 4363 1299 4434 haus.
