3016 5076
683 521 751 634 37

179 751 304 811 novas
323 726 516 810 medendi
532 726 709 810 rationes
722 727 995 834 experiuntur.
1055 728 1146 830 Sed,
1163 729 1226 810 his

179 865 326 965 missis,
352 863 443 979 illos
472 865 746 963 consulamus,
774 863 848 970 qui
876 864 950 970 diu
979 885 1018 946 et
1046 893 1153 972 saepe
1178 893 1227 946 ex
1314 973 1321 984 Ι

179 1002 350 1084 armbus
369 1001 620 1100 laborarunt,
638 1024 677 1080 et
696 1000 841 1082 intime
860 1023 1016 1082 norunt
1035 1001 1150 1082 hunc
1170 1001 1226 1104 af,

177 1140 345 1221 fectum.
391 1139 503 1220 Inter
513 1136 710 1244 plurimos
726 1165 831 1245 quos
846 1139 944 1236 vidi,
961 1165 1225 1248 quorumque

177 1273 364 1358 historias
382 1273 506 1356 literis
525 1273 731 1374 mandavi,
754 1296 803 1356 ut
830 1275 1054 1356 minimum
1071 1275 1224 1358 dicam-

176 1411 305 1518 duplo
315 1412 447 1518 plures
458 1432 554 1492 sunt
565 1410 609 1490 in
622 1410 772 1517 quibus
785 1411 963 1518 podagra
972 1412 1058 1492 aliis
1066 1412 1221 1494 morbis
1330 1491 1332 1494 ,

178 1548 410 1654 supervenit
424 1547 509 1630 sine
528 1547 701 1628 minima
715 1573 859 1628 eorum
874 1547 1084 1648 levatione,
1098 1549 1160 1635 vel
1175 1549 1221 1630 in

177 1683 329 1790 quibus
344 1711 451 1764 nova
464 1685 571 1765 mala
584 1685 719 1794 attulit
734 1683 937 1791 prioribus
945 1717 957 1782 3
987 1711 1114 1790 quam
1128 1683 1221 1790 qui-

176 1818 254 1901 bus
269 1819 467 1927 profuisse
479 1821 565 1902 visa
583 1843 658 1902 est:
688 1842 740 1920 et,
758 1847 850 1902 meo
866 1809 1036 1926 quidem
1048 1819 1219 1928 judicio,
1316 1908 1319 1917 ,

176 1983 272 2064 quae
302 1957 410 2038 mala
436 1957 627 2064 podagrae
658 1957 856 2062 imputata
873 1956 1056 2058 fuerunt,
1084 1957 1220 2036 multo

175 2093 321 2173 certius
350 2093 404 2174 ab
425 2121 470 2176 ea
500 2089 795 2200 profluxerunt,
823 2121 949 2200 quam
972 2117 1068 2200 quse
1094 2091 1217 2174 bona·

175 2229 389 2312 Interdum
415 2231 584 2338 quidem
603 2229 690 2311 fieri
710 2231 895 2312 videmus
924 2250 972 2311 ut
990 2229 1057 2310 alii
1080 2229 1217 2310 morbi

175 2367 463 2474 conquiescant
504 2367 682 2474 podagra
729 2367 1056 2474 superveniente3
1103 2365 1217 2474 quod

175 2501 297 2583 etiam
315 2499 364 2584 fit
382 2503 661 2587 accedentibus
680 2504 879 2603 febribus,
903 2502 1089 2612 paralysi,
1107 2501 1217 2584 asth-

174 2660 295 2738 mata,
305 2639 480 2740 variolis,
498 2663 538 2722 et
549 2640 717 2740 insania,
733 2667 911 2746 quorum
925 2638 1115 2720 omnium
1127 2665 1213 2722 non

173 2799 301 2879 pauca
327 2777 508 2882 exempla
534 2777 634 2877 vidi,
660 2777 750 2858 licet
769 2776 843 2856 hos
874 2775 1039 2858 morbos
1068 2775 1214 2858 dixerit

172 2937 296 2992 nemo
331 2913 532 2994 salutares.
596 2915 747 2994 Contra
783 2913 954 2993 morbus
992 2911 1212 2994 articularis

172 3073 279 3154 saepe
296 3047 445 3131 invasit
463 3051 743 3156 vertiginosos,
765 3048 1035 3148 asthmaticos,
1056 3046 1212 3130 fastidi-

171 3207 294 3287 entes,
311 3207 352 3266 et
365 3186 687 3288 melancholicos,
708 3214 812 3294 quos
830 3185 929 3266 adeo
948 3212 1033 3266 non
1052 3185 1211 3286 levavit,

171 3341 218 3402 ut
234 3323 342 3402 mala
360 3348 504 3404 eorum
531 3324 712 3404 multum
730 3323 1028 3430 exasperaverit
1086 3321 1209 3402 Porro

171 3455 264 3540 haec·
278 3459 419 3540 omnia
446 3459 492 3540 in
510 3461 717 3554 nonnullis
742 3461 861 3566 aegris
881 3459 1003 3540 simul
1022 3486 1119 3540 cum
1137 3487 1210 3565 po»

170 3593 293 3700 dagra
318 3623 475 3702 semper
498 3619 761 3697 accesserunt,
791 3618 831 3678 et
860 3621 931 3703 per
959 3617 1094 3676 totum
1123 3597 1208 3703 ejus

170 3731 346 3836 spatium
364 3755 729 3838 perseveraverunt.

224 3865 346 3980 Quos
364 3867 543 3952 arthritis
562 3897 654 3952 raro
672 3889 854 3974 occupat,
872 3889 912 3948 et
930 3867 1074 3948 deinde
1093 3865 1208 3948 brevi

168 4003 375 4112 relinquit,
388 4004 448 4086 illi
462 4005 614 4107 leviter,
633 4027 703 4088 aut
714 4007 783 4086 vix
797 4003 1206 4105 omninolaeduntur3
1273 3981 1276 3994 ’

167 4137 278 4222 baud
300 4169 412 4229 secus
432 4166 477 4224 ac
505 4139 554 4226 fit
570 4143 792 4242 interdum,
817 4163 865 4222 ut
882 4140 1081 4247 epilepsia,
1109 4157 1205 4246 quae
1335 4257 1339 4267 Ι

167 4301 255 4358 raro
274 4277 440 4378 accedit,
458 4277 570 4360 band
587 4271 782 4386 impediat
801 4305 885 4384 quo
903 4276 1041 4357 minus
1060 4275 1206 4382 epilep-

167 4411 268 4496 ticus
281 4402 656 4522 senecmtetandem
667 4416 949 4526 potiusquam
961 4411 1107 4494 morbo
1119 4439 1206 4514 suo,
