3050 5084
689 476 786 580 351

640 852 747 934 Cae.
772 831 837 935 83.

287 1038 352 1122 De
374 1040 550 1150 Sposmo,
578 1040 656 1122 sive
677 1041 928 1144 Distenlioae
953 1041 1189 1130 Nervorum.

273 1221 536 1332 Nruvoupu
559 1227 835 1326 distentiones,
864 1227 945 1307 sive
966 1232 1262 1331 convulsioues,

218 1383 259 1444 et
290 1365 452 1469 spasmi,
481 1363 589 1444 fiunt
620 1363 694 1446 ubi
725 1385 834 1444 artus
862 1388 1080 1446 moventur
1110 1389 1148 1448 et
1179 1369 1263 1474 agia

218 1521 358 1580 tantur
389 1500 473 1580 sine
498 1502 719 1598 voluntate,
746 1523 786 1580 et
815 1501 1003 1600 musculi,
1032 1506 1106 1608 qui
1134 1505 1262 1584 animi

218 1637 390 1741 imperio
411 1636 556 1741 subjici
575 1637 738 1735 debent,
765 1637 873 1717 ultro
894 1665 974 1718 sese
1002 1639 1260 1722 contrahunt.

218 1775 430 1854 Musculos
460 1801 600 1852 omues
621 1773 833 1854 exteriores
854 1759 1168 1856 distentionibus
1188 1777 1263 1858 ob⁴

218 1909 361 1990 noxios
383 1937 472 1990 esse
502 1910 732 2008 cemimus;
767 1933 806 1992 et
836 1911 1050 1992 verisimile
1079 1935 1137 1993 est
1152 1911 1269 1994 idem

217 2047 402 2128 obtinere
422 2047 466 2126 in
486 2048 680 2126 marecolis
702 2048 775 2153 qui
805 2048 916 2128 intus
936 2072 1045 2128 sunt.
1105 2051 1263 2156 Hujus·

219 2184 334 2264 modi
355 2183 553 2264 morbidae
569 2187 852 2264 musculorum
868 2185 1040 2266 actiones
1054 2187 1264 2268 interdum

222 2341 424 2426 rumpunt
443 2320 632 2425 exiguam
653 2349 799 2402 venam
823 2345 893 2402 aut
913 2324 1112 2423 arteriam,
1141 2324 1196 2405 sic
1215 2341 1264 2406 ut
1350 2335 1353 2346 '

220 2457 382 2561 sanguis
413 2457 674 2562 exprimatur,
704 2480 922 2565 cutemque
940 2458 1101 2567 ¹inficiat
1129 2461 1261 2542 colore

220 2593 360 2692 livido,
378 2595 509 2700 qualis
530 2595 778 2700 conspicitur
797 2595 841 2674 in
859 2596 1017 2676 collisis

275 2729 562 2829 Distentiones,
580 2753 620 2810 et
633 2733 916 2812 membrorum
932 2755 1068 2814 motus
1089 2731 1173 2814 sine
1189 2759 1260 2814 voe

219 2869 386 2966 luntate,
404 2866 619 2947 familiares
640 2889 737 2948 sunt
754 2869 798 2948 in
814 2869 1037 2968 arthritide,
1055 2890 1095 2950 et
1114 2867 1261 2951 affectu

219 3005 442 3113 hysterico:
472 3027 576 3110 saepe
612 3005 735 3094 'etiam
773 3006 1005 3110 praecedunt
1044 3008 1260 3114 paralysin,

134 3189 143 3212 a
220 3115 407 3223 anteum
427 3142 645 3222 illa'simul
666 3140 773 3224 liunt
785 3173 794 3234 ;
823 3165 863 3232 et
878 3169 973 3222 sunt
994 3169 1140 3249 magua
1170 3165 1259 3251 pars

220 3279 424 3358 malorum
441 3305 532 3384 quae
548 3305 686 3358 secum
700 3277 838 3360 ferunt
852 3281 1052 3386 epilepsia,
1063 3301 1103 3362 et
1116 3279 1260 3362 chorea

218 3411 466 3516 SanctiViti.
521 3417 660 3497 Caueae
680 3415 831 3514 horum
848 3431 1039 3496 motuum
1055 3416 1261 3497 inordina·
1336 3439 1342 3450 '

220 3573 359 3652 torpm
379 3551 462 3632 sita
483 3581 564 3632 esse
580 3552 771 3634 videntur
790 3581 901 3634 nunc
920 3554 964 3632 in
985 3553 1116 3634 nervis
1137 3553 1260 3660 partis

219 3687 382 3789 affectae,
410 3715 522 3770 nunc
549 3689 593 3768 in
612 3691 789 3789 cerebro,
820 3691 881 3770 vel
902 3669 1078 3772 medulla
1102 3691 1257 3798 spinali.

220 3825 435 3924 Distentio,
455 3853 546 3932 quae
567 3827 717 3906 chorda
737 3827 848 3933 penis
869 3825 1031 3924 dicitur,
1060 3828 1259 3932 precipue

218 3963 398 4043 nascitur
416 3965 489 4043 ubi
510 3965 620 4044 virus
651 3991 739 4044 acre
759 3964 893 4042 morbi
913 3963 1084 4044 Venerei
1113 3989 1259 4044 nervos

121 4168 124 4174 ,
219 4100 333 4205 penis
353 4101 507 4200 irritat3
538 4123 674 4181 tamen
698 4101 781 4180 aliae
803 4125 970 4206 quoque
998 4099 1151 4180 horum
1170 4125 1273 4182 ner-.

220 4263 369 4316 vorum
395 4235 556 4318 offonsae
577 4239 684 4316 idem
714 4239 870 4316 malum
891 4227 1039 4316 inferre
1067 4249 1263 4344 possunt-3

218 4375 369 4455 etenim
384 4377 487 4455 duos
504 4376 689 4456 homines
702 4377 844 4456 curavi
855 4373 1006 4456 chorda
1021 4375 1131 4482 penis
1144 4403 1265 4456 occu-
