3104 5084
565 559 569 564 ,
699 455 800 610 sos

172 739 174 750 ,
226 687 365 754 tamen
383 661 618 767 nonnullos,
637 691 819 774 quorum
838 665 996 748 animos
1012 687 1169 774 semper
1182 661 1273 748 red·

224 805 332 886 didit
344 807 447 886 mire
463 804 652 910 agitatos;
678 824 727 884 ut
738 803 841 885 clare
854 825 1105 910 patereteam
1119 831 1274 911 nequa·
1323 905 1327 918 .

227 969 357 1052 quam
369 969 452 1024 esse
461 941 808 1042 fatuam,etomni
820 961 1013 1050 potestate
1022 941 1271 1024 destitutam.

226 1077 417 1163 Praeterea
431 1077 527 1159 feles
540 1077 663 1161 odore
674 1079 760 1185 ejus
771 1077 998 1159 admodum
1010 1079 1274 1182 delectantur,

226 1240 267 1302 et
284 1218 452 1299 tandem
482 1215 599 1323 quasi
618 1237 756 1298 mento
773 1239 893 1296 motae
922 1217 966 1297 in
986 1217 1103 1298 ludos
1124 1219 1273 1299 abnor-

224 1381 312 1439 mes
338 1376 529 1462 aguntur.
587 1354 695 1435 Feles
722 1375 861 1434 autem
880 1354 1154 1462 promtissime
1182 1381 1273 1437 sen-

225 1494 337 1576 tiunt
347 1493 735 1574 vimearumrerum
746 1518 837 1598 qua
852 1517 997 1572 nervos
1014 1491 1273 1574 vehementer

226 1649 394 1712 movent
406 1663 418 1729 ς
446 1651 487 1712 et
503 1629 640 1710 nescio
657 1655 723 1708 an
742 1629 794 1710 sit
820 1629 955 1708 ullum
983 1628 1136 1709 animal
1163 1603 1270 1736 paris
1391 1623 1395 1630 “

163 1769 166 1774 ’
227 1765 540 1874 magnitudinis,
555 1765 728 1873 inquod
742 1787 875 1847 tantos
887 1764 1050 1848 effectus
1063 1765 1191 1847 edunt
1205 1793 1274 1848 vo·

228 1926 384 1996 narrata
397 1903 664 1986 barbararum
675 1904 863 2010 gentium
875 1904 1044 2011 sagittar,
1059 1903 1274 2006 nicotiana,

227 2040 383 2148 opium
411 2041 577 2148 spiritus
598 2039 700 2142 vini,
726 2061 767 2122 et
794 2062 935 2122 catera
962 2040 1086 2148 hujus
1115 2041 1272 2148 generis

227 2203 394 2262 venena.
759 2281 761 2284 Ι

201 2339 202 2342 ‘
284 2319 505 2423 Postquam
523 2315 699 2424 impetus
719 2313 855 2398 morbi
874 2315 1088 2416 transierit,
1116 2338 1155 2396 et
1170 2343 1274 2424 aeger

227 2449 339 2534 haud
354 2453 528 2560 amplius
542 2453 587 2534 in
603 2444 740 2559 aperto
755 2453 933 2558 periculo
945 2475 1137 2554 versetur,
1151 2483 1273 2562 opera
1338 2465 1342 2472 ’

227 2589 363 2670 danda
373 2612 433 2671 est
443 2611 491 2670 ut
505 2589 684 2696 reliquiar
700 2588 785 2694 ejus
800 2589 1059 2698 dissipentur,
1077 2613 1117 2672 st
1132 2619 1235 2698 aeger
1249 2621 1273 2674 a

229 2751 336 2807 nova
355 2727 576 2811 accessione
595 2753 760 2808 securus
780 2749 1000 2834 praestetur.
1061 2729 1201 2840 Quem
1219 2729 1274 2811 ad

229 2859 357 2942 finem
371 2861 543 2970 quidam
556 2884 702 2968 putant
714 2863 940 2970 plurimum
953 2863 1134 2945 conferre
1146 2891 1272 2972 aquas

231 2997 482 3086 Bathonicas.
541 2999 695 3082 Medici
721 3023 857 3082 autem
876 3001 926 3082 de
945 2987 1020 3084 hac
1046 3027 1088 3083 re
1107 3001 1212 3084 inter
1230 3031 1274 3085 so
1396 3031 1399 3038 ·

230 3133 498 3218 currentium:
530 3165 627 3218 cum
645 3137 756 3218 enim
784 3165 882 3218 usus
902 3137 1051 3220 harum
1070 3167 1272 3247 aquarum

174 3323 183 3338 ·
208 3309 211 3316 ⁴
230 3271 317 3354 aliis
332 3273 495 3354 videtur
512 3299 595 3356 esse
614 3301 785 3381 praesens
804 3275 1119 3385 paralyticorum
1138 3277 1276 3382 prasi·

230 3409 376 3509 dium;
405 3411 473 3498 alii
493 3411 578 3494 sine
606 3411 689 3491 ulla
711 3411 965 3493 dubitatione
994 3413 1197 3494 declarant
1223 3441 1272 3496 eo

230 3545 318 3651 ipso
333 3546 459 3627 modo
479 3546 664 3628 homines
679 3575 728 3630 ex
742 3549 968 3658 paralyticis
988 3547 1274 3658 fieriapoplec·
1299 3655 1302 3663 Ι
1377 3615 1381 3628 ,

229 3680 341 3764 ticos.
401 3683 624 3796 Quantum
642 3707 803 3791 egomet
816 3711 896 3772 usu
915 3685 1053 3786 didici,
1072 3685 1274 3768 Bathonia

230 3817 401 3925 quidem
411 3817 475 3900 his
487 3821 646 3926 aegrotis
662 3847 794 3948 neque
808 3821 982 3928 prodest,
994 3849 1126 3930 neque
1142 3847 1270 3906 nocet.

229 3953 312 4036 Alii
326 3955 431 4037 dum
449 3955 531 4036 illic
548 3955 695 4038 vivunt
709 3959 905 4064 paulatim
921 3983 1175 4059 recreantur3
1205 3961 1273 4042 alii

231 4117 337 4172 nova
354 4093 577 4184 accessione
606 4093 778 4207 correpti
797 4119 989 4202 pereunt:
1020 4123 1183 4202 prorsus
1208 4071 1283 4178 uti

231 4225 387 4314 factum
402 4227 547 4312 fuisset
564 4231 710 4336 quovis
731 4231 808 4314 alio
828 4232 925 4314 loco.
987 4233 1275 4354 Quamobrem
