3050 5084
635 513 735 612 385

159 697 287 807 coepit
305 699 418 806 prius
438 700 559 806 paulo
579 699 707 806 q'uam
726 699 895 782 morbus
916 693 976 782 ad¹
988 725 1200 784 summum
1274 783 1277 796 ,

159 836 415 944 pervenisset,
426 857 466 916 et
477 836 622 916 deinde
633 863 796 942 prorsus
809 832 970 938 defecit3
985 837 1199 956 interjectis

160 997 256 1056 sero
276 973 413 1078 paucis
433 973 591 1074 diebus,
610 973 760 1084 iterum
778 973 958 1057 ubertim
977 972 1107 1056 fluxit.

162 1184 166 1194 .
215 1113 264 1194 In
282 1111 429 1194 morbo
449 1137 697 1218 quocunque
716 1139 804 1220 spes
824 1111 961 1220 salutis
975 1111 1069 1220 jure
1088 1111 1200 1194 vide·

160 1269 230 1330 tur
245 1247 397 1352 augeri,
416 1246 450 1328 si
470 1274 573 1354 aeger
591 1248 643 1330 ab
664 1247 856 1348 omuibus
873 1248 958 1330 aliis
978 1249 1131 1358 morbis
1152 1247 1200 1330 li-

158 1387 246 1486 ber,
267 1405 308 1468 et
335 1381 447 1465 firmi
469 1385 647 1492 corporis
677 1384 840 1466 habitus
870 1385 942 1466 sit:
973 1407 1072 1468 tunc
1087 1387 1199 1500 enim

157 1521 262 1604 vires
283 1521 459 1604 maxime
478 1521 689 1626 vigebunt,
718 1544 757 1603 et
775 1521 887 1602 nulla
915 1549 957 1604 re
976 1523 1199 1632 impedien-

156 1679 240 1759 tur,
259 1687 343 1766 quo
354 1659 492 1740 minus
508 1680 600 1740 totae
621 1659 864 1742 incumbant
877 1659 922 1740 in
936 1659 1047 1741 hunc
1062 1635 1197 1743 unum

157 1794 350 1911 affectum
377 1797 674 1880 debellandum.
732 1797 1014 1878 Veruntamen
1036 1798 1195 1880 variolae

66 2029 74 2052 ι
158 1933 245 2020 aliis
264 1934 387 2018 etiam
408 1935 600 2040 gravibus
620 1931 829 2017 affectibus
859 1924 1199 2042 supervenientes,

157 2098 244 2156 non
270 2071 360 2154 ideo
380 2071 473 2154 visae
493 2095 590 2154 sunt
618 2071 783 2179 pejores,
800 2097 934 2180 neque
954 2072 996 2151 vi
1024 2073 1198 2160 nocendi

157 2209 310 2321 majore
328 2209 502 2316 praeditae
522 2239 603 2292 esse
620 2244 632 2310 3
661 2237 795 2316 neque
815 2237 918 2316 aeger
936 2237 1033 2290 cum
1051 2209 1100 2292 iis
1119 2211 1198 2294 mi.

80 2396 84 2415 =
157 2373 236 2432 nus
251 2345 423 2446 fortiter,
441 2368 511 2428 aut
525 2348 662 2431 minus
675 2344 843 2428 feliciter
857 2344 1112 2430 conflictatus
1124 2369 1195 2430 est.

157 2483 333 2566 Variolae
363 2511 464 2591 saepe
489 2503 738 2569 accesserunt
767 2481 827 2564 lui
845 2484 1049 2588 venereos,
1073 2508 1116 2572 et
1133 2484 1198 2565 ni-

157 2621 243 2704 hilo
271 2623 411 2702 minus
442 2621 558 2702 mites
584 2619 777 2720 fuerunt3
807 2647 879 2701 nec
899 2620 1092 2734 profecto,
1121 2621 1197 2704 ubi

157 2758 353 2866 pestiferae
383 2745 550 2858 fuerint,
583 2783 685 2864 aeger
711 2758 820 2838 visus
851 2781 909 2838 est
937 2779 1008 2840 aut
1032 2757 1199 2865 gravius
1332 2803 1336 2813 ·

159 2897 275 2978 solito
296 2893 438 3002 affligi,
466 2917 537 2975 aut
556 2895 817 3000 periculosius
837 2903 1038 3000 aegr'otarc.
1097 2893 1197 2978 Vidi

159 3032 362 3140 quosdam
381 3031 541 3112 variolis
560 3052 788 3136 occupatos,
805 3057 903 3112 cum
914 3030 1086 3139 jamjam
1104 3031 1196 3112 tabe
1217 3033 1219 3036 ’

158 3165 361 3256 strumoso
378 3191 508 3254 essent
523 3168 703 3275 perituri,
721 3168 797 3275 qui
816 3187 952 3252 tamen
970 3167 1113 3249 mitem
1127 3193 1196 3250 ex·

156 3309 262 3416 perti
273 3303 636 3406 suntmorbumet
647 3335 743 3388 euru
755 3305 922 3388 feliciter
933 3303 1198 3412 depulerunt3

158 3471 292 3553 neque
316 3445 481 3544 idcirco,
500 3465 702 3550 quantum
721 3441 837 3554 potui
858 3441 1055 3548 judicare,
1073 3441 1196 3529 veteri

158 3611 232 3664 suo
252 3581 399 3667 morbo
420 3581 537 3664 citius
558 3579 870 3663 succubuerunt

214 3719 264 3798 In
283 3719 430 3798 urbem
446 3716 667 3824 quandam,
686 3743 770 3821 quo
784 3737 964 3821 tempore
982 3713 1113 3795 febres
1132 3715 1196 3793 in·

157 3855 423 3938 termittentes
443 3851 786 3960 frequentissimos
797 3873 924 3952 erant,
937 3851 1081 3934 accidit
1092 3849 1197 3930 vari·

158 3995 241 4074 olas
280 3989 422 4071 inferri
462 3991 697 4096 multosque
734 3987 931 4093 corripere
971 3986 1045 4095 qui
1082 3985 1197 4066 febre
1259 4097 1261 4104 Ι

157 4127 450 4211 intermittente
468 4123 716 4206 laborabant.
775 4124 824 4203 ln
843 4123 905 4204 his
926 4121 1118 4204 omnibus
1137 4119 1210 4202 fo:

156 4266 243 4349 bris
263 4283 403 4371 sponte
423 4289 495 4344 sua
513 4260 760 4368 conquievit,
771 4259 956 4368 protinus
977 4287 1021 4340 ac
1035 4259 1195 4340 variolae

158 4398 418 4504 incidisseut;
447 4417 487 4482 et
518 4395 581 4481 his
613 4394 739 4480 finitis
767 4395 903 4480 denuo
932 4421 1087 4478 reversa
1124 4414 1198 4476 est.
1236 4467 1237 4470 t

573 4607 577 4622 .
647 4557 708 4616 rc
