3002 5086
326 711 413 794 Ubi
431 711 587 792 dolores
608 708 809 790 viscerum
828 728 989 814 repente
1008 704 1223 807 invadunt,
1242 734 1315 814 po-

268 849 398 932 tiones
429 875 595 938 meracae
627 873 784 952 semper
814 867 911 928 sunt
944 845 1100 944 alienae3
1129 845 1181 925 ad
1213 819 1314 952 quas

270 1009 406 1068 tamen
425 986 607 1092 plerique
635 965 820 1066 homines
841 983 1026 1090 protinus
1052 982 1310 1088 confugiunt.
1358 1077 1360 1082 ἢ
1483 1001 1484 1030 ³

271 1125 443 1236 Quoties
463 1152 511 1206 ex
531 1125 623 1204 cibo
642 1123 786 1222 nimio,
804 1124 869 1202 vel
887 1123 1024 1204 minus
1041 1122 1204 1202 salutari
1223 1135 1322 1202 nas*

270 1285 435 1362 cuntur,
463 1261 666 1368 oportebit
694 1283 765 1340 aut
784 1287 962 1358 vomere,
990 1279 1060 1339 aut
1079 1260 1219 1340 alvum
1238 1259 1315 1338 du-

270 1427 371 1500 cere,
399 1421 521 1506 prout
540 1397 620 1480 huc
641 1399 704 1479 vel
723 1399 818 1478 illuc
834 1388 1005 1485 morbus
1026 1417 1192 1503 spectet3
1222 1397 1314 1502 qui-

270 1539 349 1618 bus
368 1536 497 1636 factis,
513 1536 545 1616 si
565 1535 721 1616 dolores
736 1557 776 1616 et
790 1535 1028 1641 dejectiones
1044 1533 1314 1640 poposcerint,

272 1675 414 1782 opium
426 1673 707 1756 adhibendum
718 1695 794 1772 est3
815 1672 959 1752 deinde
969 1673 1313 1762 medicamentum

272 1840 459 1902 amarum
486 1833 526 1902 et
555 1811 823 1892 aromaticum
851 1837 972 1890 mane
996 1825 1036 1890 e't
1054 1835 1219 1913 vespere
1245 1833 1313 1914 per

271 1975 418 2058 paucos
445 1950 528 2030 dies
559 1971 758 2047 sumtum,
787 1945 987 2056 quicquid
1007 1947 1149 2029 laesum
1170 1945 1312 2044 fuerit,

271 2109 342 2167 aut
368 2086 638 2184 debilitatum,
665 2084 857 2166 restituet.
916 2083 1084 2165 Dolores
1114 2081 1311 2164 arthritici

273 2223 409 2306 subito
429 2224 532 2302 versi
561 2223 605 2302 in
625 2223 774 2302 viscera
803 2223 988 2327 leuantur
1017 2220 1151 2326 opiato
1171 2218 1315 2301 calefa-

272 2361 413 2459 ciente,
426 2358 556 2466 qualis
568 2381 626 2440 est
641 2349 839 2441 confectio
854 2358 997 2466 opiata.
1057 2355 1180 2442 Malis
1194 2356 1313 2436 intes·

272 2497 456 2580 tinorum
476 2496 707 2594 levioribus
723 2525 814 2602 quae
831 2495 976 2576 sanatis
992 2493 1194 2574 ulceribus
1210 2515 1313 2574 vete·

273 2633 401 2732 n'bus,
421 2655 491 2713 aut
510 2631 596 2714 aliis
612 2633 720 2716 vitiis
737 2633 855 2731 cutis,
870 2659 1010 2740 quaeve
1025 2629 1234 2710 doloribus
1253 2643 1311 2708 sr-

273 2789 395 2850 tuum
416 2770 582 2874 repulsis
603 2769 812 2858 interdum
838 2752 1074 2866 nascuntur,
1102 2765 1312 2858 commode

273 2907 550 2988 medebuntur
568 2934 704 2986 amara
734 2928 773 2986 et
793 2905 1018 2985 aromatica.
1068 2903 1312 2992 ‚Videndum

273 3066 411 3124 autent
430 3043 474 3124 in
494 3043 571 3142 his,
589 3066 628 3124 et
648 3044 691 3124 in
710 3045 796 3126 aliis
818 3043 1009 3124 omnibus
1030 3039 1312 3122 intestinorum

274 3179 496 3280 affectibus,
524 3203 571 3260 ut
590 3183 703 3264 alvus
725 3209 851 3286 quarn
883 3178 1097 3259 tenerrima
1123 3199 1310 3266 servetur.

273 3318 494 3398 Doloribus
508 3317 795 3400 intestinorum
808 3317 858 3396 ab
875 3314 1235 3420 infirmocorporis
1247 3313 1314 3392 ha-

274 3451 365 3532 bitu
385 3454 571 3558 profectis
593 3483 694 3559 saepe
708 3453 888 3540 vremedio
903 3474 1024 3534 erunt
1042 3479 1156 3557 aquae
1171 3451 1313 3532 Batho-

273 3591 388 3690 nicae,
416 3613 456 3672 et
486 3593 604 3674 vestis
635 3593 803 3674 interior
833 3593 969 3690 lanea3
1002 3591 1165 3697 juvabit
1197 3591 1312 3700 etiam

274 3727 406 3834 pulvis
421 3757 470 3810 ex
483 3731 679 3832 amaricet
691 3727 917 3810 aromaticis
931 3729 1053 3808 semel
1064 3729 1126 3810 vel
1141 3728 1204 3808 bis
1218 3755 1314 3834 quo-

121 3929 127 3940 .
204 3863 206 3868 ’
274 3864 372 3946 tidie
391 3888 570 3966 sumtus;
600 3866 666 3950 cui
686 3867 841 3972 pulveri
862 3865 1092 3970 adjiciendae
1109 3889 1217 3972 sunt,
1246 3863 1315 3946 ubi
1400 3924 1404 3929 -

92 4001 97 4016 ’
157 4019 170 4088 1
274 4003 386 4084 alvus
406 4003 536 4084 fusior
555 4005 840 4112 esuntincturae
862 4003 944 4108 opii
974 4024 1096 4108 guttae
1118 4024 1218 4100 tres;
1247 4001 1316 4082 ubi
1344 3983 1347 3994 ⁵

275 4139 486 4240 astrictior,
498 4139 640 4221 radicis
654 4139 890 4222 rhabarbari
902 4167 1025 4244 grana
1038 4141 1125 4223 tria.
1154 4141 1316 4220 Dolores

273 4275 454 4375 leviores
483 4277 556 4383 qui
576 4274 645 4356 vix
674 4277 758 4383 opii
774 4276 972 4370 auxilium
992 4276 1210 4382 postulant,
1229 4275 1315 4356 satis

274 4411 469 4493 levabunt
497 4439 623 4518 pauca
642 4387 862 4496 cochlearia
882 4441 997 4522 aquae
1016 4413 1192 4498 menthae
1213 4412 1319 4520 pipe-

449 4553 474 4634 7
