2990 5078
300 655 372 788 h'uj
377 710 424 763 us
445 679 598 762 scirrhi
647 681 806 762 Verum
825 679 959 762 nescio
979 707 1031 762 an
1043 679 1249 788 optimum
1263 681 1340 764 hu·

296 815 365 924 jus
385 819 520 898 morbi
539 819 740 899 indicium
769 841 955 899 sumatur
974 845 1022 898 ex
1051 820 1230 936 universi
1254 847 1341 902 cor·

300 955 409 1060 poris
424 955 840 1062 perturbationeque
854 983 1050 1062 perquam
1064 927 1254 1039 notabilis
1264 979 1338 1040 est:

301 1091 452 1173 etenim
479 1092 624 1174 macies
644 1113 715 1191 est,
742 1111 782 1172 et
804 1091 886 1172 cibi
913 1089 1140 1193 fastidium,
1168 1115 1208 1175 et
1225 1092 1340 1176 debi-

300 1227 404 1328 lim,
415 1290 420 1309 .
431 1250 470 1308 et
488 1225 678 1336 frequens
693 1203 850 1328 horton
868 1227 1124 1344 concitantur
1143 1255 1269 1326 venae,
1297 1252 1342 1314 et

299 1365 470 1446 morbus
503 1363 631 1446 indies
662 1386 832 1470 augetur
860 1362 943 1445 sere
974 1363 1059 1446 sine
1089 1365 1336 1452 remissione.
1469 1441 1471 1444 ,

298 1503 357 1582 At
375 1501 667 1583 calculosorum
681 1501 836 1582 doloret
856 1499 1010 1584 diutius
1027 1488 1338 1612 conquiescunt,
1425 1509 1430 1522 '

298 1660 435 1745 atque,
461 1636 525 1718 his
543 1635 729 1745 exceptio,
756 1637 944 1720 valetudo
966 1637 1123 1747 integra
1141 1659 1223 1722 est:
1254 1667 1337 1748 qua

297 1775 497 1884 praecipue
511 1797 609 1856 nota
622 1774 865 1856 discernitur
878 1775 1053 1856 calculus
1066 1773 1118 1857 ab
1130 1776 1338 1860 ulceribus

298 1900 459 2011 renum,
486 1932 557 1992 aut
575 1910 724 1994 vesica.
782 1909 916 1991 Urina
943 1931 1109 1992 cruenta
1127 1909 1212 1994 tine
1242 1913 1339 1995 ullis
1484 1995 1485 2006 Ν

299 2048 423 2152 signis
442 2047 584 2130 ulceris
603 2046 714 2134 intus
733 2045 905 2148 latentis,
922 2046 1097 2130 maxime
1117 2046 1151 2129 ti
1165 2069 1284 2131 motu
1295 2071 1340 2136 et
1375 2099 1378 2105 ,
1484 2041 1485 2108 ἶ

298 2183 577 2266 exercitatione
591 2204 798 2290 augeatur,
815 2180 898 2263 fere
917 2209 1073 2290 temper
1086 2181 1239 2266 indicat
1257 2187 1339 2268 cal-
1484 2165 1485 2182 Ν

296 2321 440 2403 culum
454 2321 498 2405 in
509 2321 637 2402 urina
649 2319 724 2402 viis
743 2319 972 2402 haerentem.
1029 2319 1171 2404 Urinae
1189 2319 1339 2404 cruen-¹

181 2437 184 2443 ¹
296 2479 351 2540 tae
371 2453 415 2539 in
433 2455 547 2540 libris
566 2455 818 2540 medicorum
833 2455 922 2538 aliae
937 2457 1081 2538 multae
1096 2485 1228 2542 cauare
1248 2487 1339 2542 me·-

295 2617 522 2696 morantur,
539 2621 639 2702 quat
654 2621 751 2676 cum
762 2613 923 2700 egomet
936 2594 1003 2674 rix
1013 2621 1201 2702 unquam
1215 2597 1337 2702 potui

295 2731 502 2838 auspicari,
529 2729 719 2838 opinione
737 2731 904 2812 rariores
924 2727 1012 2811 fieri
1031 2729 1284 2814 crediderim.

349 2869 568 2977 Postquam
586 2865 808 2949 constiterit
821 2867 1023 2950 calculum
1043 2893 1138 2966 esee,
1156 2865 1269 2975 haud
1284 2871 1332 2954 in

293 3019 460 3110 promtu
487 3026 547 3086 est
564 3001 733 3086 definire
761 3031 844 3110 qua
862 3023 974 3110 parte
1002 3003 1102 3084 situs
1132 3003 1207 3103 eit3
1238 3031 1336 3114 quae

291 3162 429 3222 tamen
442 3169 503 3223 res
515 3169 601 3222 non
612 3141 793 3222 mulmm
804 3139 1210 3225 interestcurationir:
1230 3170 1336 3228 nam

242 3341 245 3346 .
290 3275 432 3358 eadem
459 3277 753 3359 meditamenta
780 3253 938 3389 ubique
966 3276 1220 3378 convenient,
1249 3280 1337 3364 niti

174 3438 177 3446 ’
227 3393 245 3526 ⁴·
289 3411 406 3520 quod
419 3411 627 3497 interdum
641 3441 742 3522 opus
758 3413 834 3496 erit
847 3413 1043 3496 cathetere
1059 3412 1110 3494 ad
1124 3413 1335 3499 calculum

288 3575 315 3631 a
333 3549 484 3633 cervice
495 3551 633 3634 veticae
647 3541 954 3632 dimovendum
1012 3548 1090 3630 ln
1079 3569 1238 3657 impetu
1257 3579 1336 3633 au

290 3703 374 3767 tem
393 3685 556 3790 doloris,
582 3687 658 3770 ubi
675 3687 801 3770 ubire
821 3685 958 3788 fuerit,
985 3685 1129 3794 opium
1155 3705 1215 3766 eat
1233 3687 1335 3768 uni-

289 3849 387 3904 cum
406 3817 645 3906 remedium.

343 3959 533 4042 Urina
494 3989 622 4068 mgra‚
640 3962 703 4043 vel
718 3981 896 4060 cruenta,
914 3987 985 4039 eeu
998 3955 1173 4038 fuerit
1144 3983 1230 4038 nne
1242 3960 1333 4042 ullo

162 4119 164 4124 ’
286 4095 439 4199 dolore,
466 4097 549 4180 eive
567 4125 663 4181 cum
692 4098 848 4198 hebete,
877 4117 947 4179 aut
964 4093 1175 4176 interdum
1203 4119 1332 4179 acuto

286 4236 457 4342 paulum
483 4261 603 4344 supra
622 4263 777 4336 coxam,
805 4233 1014 4316 referenda
1031 4238 1091 4312 ‘est
1121 4231 1174 4312 ad
1191 4233 1332 4315 calcu-

286 4371 375 4452 lum
388 4373 507 4480 renis.
561 4375 674 4455 Cum
684 4369 893 4456 doloribus
907 4393 1074 4478 quoqne
1089 4365 1335 4476 nephnticit
