2990 5078
585 839 694 922 Csr.
716 841 783 922 21.

301 1075 369 1160 Do
390 1073 506 1160 Coro
523 1073 666 1156 Morbo
685 1087 725 1156 et
742 1073 1061 1161 Erulcerotioue.

214 1339 272 1420 Iu
288 1365 386 1420 coxa
401 1335 620 1444 aliquando
633 1333 681 1416 fit
692 1334 842 1418 vitium
857 1338 1043 1444 longum,
1057 1337 1203 1422 aliuda

162 1476 339 1577 sciatica,
352 1497 423 1556 aut
442 1473 748 1572 rheumatismo,
767 1472 812 1552 in
826 1475 1206 1584 quoquamvisdo·

159 1615 220 1695 lor
243 1613 443 1713 modicus,
471 1599 698 1718 periculum
726 1629 864 1691 tamen
892 1639 1106 1694 summum
1131 1635 1201 1694 est.

161 1750 356 1830 Nascitur
373 1750 419 1829 in
439 1748 607 1862 articulo
626 1747 809 1847 femoris;
837 1775 947 1854 genu
967 1777 1062 1830 vero
1084 1752 1207 1836 estin

161 1885 318 1998 dolore,
347 1913 432 1992 quo
451 1886 537 1991 ipsa
556 1911 645 1992 pars
671 1879 810 1964 affecta
828 1883 911 1964 fere
930 1909 1056 1987 vacat,
1084 1874 1207 1970 etiam

162 2045 273 2122 tum,
292 2050 390 2104 cum
417 2043 557 2102 tumor
574 2020 744 2128 insignis
763 2042 835 2120 est,
862 2043 902 2102 et
927 2021 1076 2105 indicia
1095 2029 1207 2134 puris

162 2159 393 2241 manifesta.
452 2157 599 2240 Femur
618 2177 870 2258 extenuatur,
898 2181 937 2239 et
956 2187 1047 2242 crus
1076 2164 1209 2274 impar

162 2319 224 2378 est
245 2297 406 2404 corpori
425 2295 672 2378 sustinendo.
732 2296 792 2374 Hi
812 2295 907 2402 aegri
925 2289 1038 2379 febre'
1057 2297 1210 2392 hectica

164 2458 204 2516 et
224 2435 355 2514 macie
371 2433 543 2514 confecti
558 2431 766 2513 interdum
785 2457 954 2540 pereunt
969 2437 1211 2545 priusquam

162 2593 309 2654 tumor
328 2572 391 2651 vel
410 2599 481 2678 per
500 2599 554 2670 se,
582 2571 644 2652 vel
663 2569 860 2676 scalpello,
886 2572 1111 2678 aperiatur;
1141 2607 1212 2658 sae-

166 2710 262 2814 pius
283 2735 359 2814 pus
388 2708 432 2786 in
451 2729 608 2814 partem
636 2705 874 2788 exteriorem
891 2703 1049 2810 fertur,-
1063 2713 1138 2792 ubi
1164 2713 1212 2798 fit

163 2847 285 2926 ulcus
300 2844 518 2924 humorem
530 2843 711 2924 multum
720 2841 912 2944 fundens,
926 2847 1040 2952 quod
1056 2877 1211 2956 aegrum

165 3001 288 3062 antea
306 3002 492 3062 ruentem
511 2981 742 3088 praecipitat.
801 2981 1035 3062 Paucissimi
1059 2985 1117 3065 illi
1139 2989 1211 3096 qui

165 3147 217 3199 ex
239 3117 317 3198 hoc
336 3117 484 3198 morbo
502 3115 694 3217 evadunt,
707 3144 879 3224 semper
897 3118 1135 3203 claudicant.

227 3257 323 3378 Hoc
342 3255 491 3336 vitium
510 3253 555 3334 in
580 3251 787 3333 nonnullis
807 3253 935 3366 indies
960 3279 1127 3340 auctum
1155 3285 1215 3348 est

168 3420 244 3502 per
263 3371 341 3473 tres
362 3359 504 3490 annui,
532 3391 773 3498 priusquam
798 3359 956 3473 occidit.
1015 3395 1217 3506 Praecipue

168 3530 222 3612 fit
251 3551 404 3609 asexto
423 3527 475 3606 ad
504 3527 712 3608 decimum
741 3549 900 3608 sextum
919 3557 1103 3614 annum·
1092 3563 1217 3646 ,qua

169 3667 298 3749 etiam
311 3685 423 3749 aetate
431 3663 603 3764 articuli,
614 3685 653 3745 et
662 3686 792 3771 partes
802 3665 980 3774 corporis
994 3671 1220 3776 exteriores,

169 3803 352 3885 maxime
363 3797 605 3906 affliguntur
617 3795 731 3880 malis
741 3803 966 3902 strumosis,
980 3833 1071 3914 quae
1080 3825 1236 3918 postea¹

171 3943 221 4024 in
240 3940 453 4047 pulmones
474 3959 513 4020 et
536 3937 767 4019 abdominis
787 3939 937 4022 viscera
957 3945 1058 4024 verti
1078 3947 1217 4028 solent.

172 4079 300 4159 Coxae
326 4047 463 4156 autem
482 4074 721 4156 exulceratio
742 4075 793 4156 ad
813 4099 1014 4159 strumam
1032 4081 1219 4188 pertinet,

173 4233 217 4294 et
250 4239 348 4294 cum
376 4211 462 4290 aliis
495 4209 579 4318 ejus
614 4211 738 4317 signis
773 4241 874 4319 sape
907 4215 1030 4295 simul
1061 4215 1218 4302 incidit.

176 4347 603 4450 CortexPeruvianus,
629 4349 773 4453 cicuta,
792 4350 948 4458 opium,
976 4347 1226 4446 ulceradiuss
