3104 5084
708 526 712 534 ’
804 551 905 674 nro

337 765 469 846 multo
488 765 639 866 dolore,
658 765 860 873 quamdiu
879 767 952 848 lux
978 764 1031 848 ab
1050 763 1176 848 oculis
1204 789 1380 869 ametro,

332 923 638 1010 perseverarunt
652 929 823 1003 annum,
842 905 906 984 vel
924 901 1093 1003 diutius,
1111 931 1243 1011 neque
1263 905 1378 986 caeei-

333 1057 460 1120 ratem
477 1037 725 1122 intulerunt:
756 1069 857 1146 eaepe
876 1063 1013 1122 tamen
1028 1062 1169 1122 ortum
1182 1041 1283 1124 dant
1296 1071 1375 1124 un-

333 1174 485 1280 guibus
500 1177 728 1278 oculorum,
742 1177 830 1284 qui,
844 1177 879 1258 ti
893 1205 1046 1260 corneae
1059 1178 1376 1284 praetendantur,

333 1312 525 1394 hebetant
538 1314 688 1414 visum,
706 1335 746 1395 et
760 1313 999 1421 ubicunque
1009 1295 1112 1415 tint,
1126 1315 1294 1398 oculum
1305 1315 1376 1398 do·

332 1448 524 1530 formant.
554 1451 647 1532 Post
659 1450 873 1532 diuturnae
885 1477 982 1534 vero
993 1473 1033 1535 et
1043 1451 1375 1536 vehementem·

331 1582 628 1668 flammationee
647 1587 789 1670 lumen
811 1589 1054 1694 plerumque
1076 1589 1275 1672 amineum
1301 1613 1373 1674 eet.

330 1723 439 1802 Cum
453 1722 525 1830 pili
543 1743 759 1806 nascantur
773 1725 818 1804 in
836 1725 1025 1806 interiore
1039 1748 1151 1834 parte
1165 1725 1376 1834 palpebra-

332 1887 440 1960 rum,
468 1882 590 1968 atque
623 1861 791 1946 oculum
804 1853 996 1963 irritant,
1018 1859 1379 1970 inflammentque,

319 1960 502 2076 ‘unicum
521 1997 748 2078 remedium
766 2019 826 2104 est
844 2027 910 2078 eos
930 1999 1105 2080 evellere.

386 2133 507 2212 Oculi
519 2131 687 2250 subjecti
699 2133 1035 2216 suntvehementi
1047 2163 1091 2216 ac
1104 2137 1376 2240 perseveranti

330 2269 461 2350 dolori
476 2267 561 2350 eine
579 2269 663 2350 ulla
680 2269 938 2352 morbinota.
997 2271 1118 2378 Isque
1137 2271 1254 2354 dolor
1271 2301 1379 2379 pau·
1401 2319 1405 2324 ·

330 2433 397 2488 coo
412 2406 495 2488 dier
510 2406 730 2513 permansit
739 2442 752 2508 3
780 2408 879 2490 item
892 2405 1077 2489 fundum
1094 2409 1202 2489 oculi
1217 2409 1374 2491 cruciaa

329 2547 565 2626 tirannum
583 2545 803 2652 integrum,
830 2545 913 2628 acie
932 2571 1076 2626 eorum
1095 2545 1226 2626 illaeta.
1285 2547 1377 2628 Pte-

327 2706 506 2789 rumque
517 2701 653 2764 tamen
669 2681 899 2764 istius-modi
910 2709 1025 2764 casus
1039 2709 1125 2763 non
1136 2703 1252 2778 vocat
1266 2669 1377 2792 peri·

258 2799 261 2808 ’
328 2820 444 2900 culo:
474 2819 625 2926 quippe
643 2819 750 2900 intra
767 2817 945 2901 biduum
962 2819 1127 2902 induxit
1141 2818 1378 2926 caliginem,

327 2977 368 3038 et
382 2979 471 3062 post
485 2957 606 3040 breve
618 2959 795 3063 spatium
809 2957 1038 3040 cecitatem.
1086 2957 1238 3040 Similis
1252 2959 1378 3040 dolor

329 3071 501 3176 subinde
520 3095 737 3176 infestabat
756 3097 936 3196 oculum,
956 3095 1029 3202 qui
1044 3115 1135 3202 port
1154 3121 1221 3175 tex
1240 3121 1373 3175 annos

325 3255 453 3311 caecus
472 3229 603 3314 factus
622 3229 691 3316 est'.

345 3391 350 3407 ’
382 3369 594 3449 Interdum
621 3368 755 3449 evenit
787 3389 835 3448 ut
865 3365 973 3448 oculi
1006 3366 1157 3447 sensim
1189 3363 1376 3448 hebetati

317 3501 490 3605 fuerint,
517 3527 557 3586 et
576 3505 741 3588 tandem
760 3523 924 3611 prorsus
938 3501 1120 3586 occaecati
1138 3502 1247 3584 intra
1267 3531 1369 3610 pau

324 3669 469 3723 corum
486 3641 648 3723 dierum
667 3641 858 3749 epatium,
882 3662 1046 3748 propter
1063 3641 1375 3741 resolutionem,

324 3799 373 3862 ut
391 3778 526 3859 visum
553 3801 624 3880 est,
652 3803 872 3858 nervorum
900 3775 1142 3883 optinorum.
1201 3770 1251 3856 In
1279 3803 1375 3858 uno

251 3889 254 3902 ’
324 3937 474 4022 aegroto
493 3915 570 3996 hoc
583 3916 739 3996 malum
758 3937 898 3995 ortum
909 3935 968 3995 eet
982 3923 1031 3994 'ex
1046 3912 1229 4022 quodam
1243 3911 1369 4019 fungi

316 4053 445 4142 simili
473 4055 517 4134 in
547 4053 713 4135 cerebro
745 4073 853 4151 nato,
882 4049 996 4158 quod
1029 4075 1174 4130 nervos
1209 4049 1366 4156 opticoo

320 4189 626 4298 comprimebat.
675 4190 905 4272 Caecitatem
918 4187 1042 4268 modo
1061 4186 1261 4269 antecedit
1275 4211 1369 4267 vet·-

319 4329 426 4437 tigo;
454 4329 581 4410 modo
600 4327 746 4436 species
763 4327 822 4410 ob
848 4327 989 4410 oculor
1006 4347 1224 4424 versantes,
1252 4324 1370 4404 velot

316 4459 431 4562 iridis
468 4465 575 4550 circa
610 4465 807 4564 candelas,
835 4463 898 4548 vel
936 4459 1263 4561 damularum,
1299 4455 1369 4540 rei
