2990 5078
797 429 870 548 96

306 637 385 727 tius
399 663 565 746 servata,
583 665 623 728 et
638 663 729 754 quae
744 647 886 730 alvum
900 645 1043 732 leniter
1054 670 1234 756 movent,
1249 675 1349 763 prae·

302 783 423 889 cipua
441 803 538 863 sunt
555 810 604 864 ex
622 783 670 864 iis
691 811 783 892 quae
811 785 1095 872 existimantur
1113 791 1177 873 vel
1195 819 1346 894 sanare,

300 921 364 1004 vel
382 921 525 1022 levare,
542 919 621 1001 hoc
640 949 784 1031 anceps
803 925 973 1006 malum.

291 1473 357 1562 De
376 1447 552 1562 Crotum
566 1477 727 1579 Dolore,
747 1477 926 1578 Tamne,
946 1477 1280 1590 Inflammatione,
1294 1495 1334 1568 el

706 1615 924 1702 Ulceribus.

342 1779 558 1861 Donousa
591 1771 831 1859 rheumatici
856 1799 896 1859 et
919 1779 1130 1884 arthritici,
1158 1805 1198 1866 et
1216 1783 1330 1866 debi-

276 1892 388 2015 litas,
406 1941 644 1998 communes
665 1937 762 1996 sunt
781 1901 981 2018 cmribus,
998 1939 1039 1999 et
1059 1918 1224 2028 reliquis
1239 1941 1326 2005 cor-

282 2053 391 2160 poris
416 2053 609 2162 partibus.
669 2053 873 2168 Quaedam
903 2049 980 2136 illis
1014 2059 1178 2164 propria
1215 2081 1321 2142 sunt.

283 2189 433 2292 Primo,
465 2213 643 2272 tumores
675 2191 760 2272 sine
793 2191 954 2274 dolore:
985 2215 1091 2296 tum,
1124 2224 1213 2278 acer
1245 2197 1324 2280 hu·

278 2352 386 2429 mor,
405 2329 479 2438 qui
494 2351 630 2410 cutem
648 2327 744 2410 facit
756 2330 936 2430 densam,
955 2330 1116 2433 duram,
1135 2355 1174 2414 et
1188 2334 1320 2417 inten-

278 2483 376 2568 tam,
404 2495 501 2548 cum
526 2465 768 2549 intolerabili
797 2468 1018 2574 prurigine,
1047 2469 1203 2578 quique
1233 2473 1316 2555 exit

276 2627 347 2712 per
363 2619 503 2686 omnes
519 2603 641 2685 rimas
661 2603 778 2703 cutis,
797 2605 879 2685 sive
895 2603 999 2706 fissa,
1015 2633 1085 2687 seu
1104 2608 1315 2714 unguibus

143 2725 147 2734 ¹
273 2743 441 2824 lacerata
456 2741 596 2824 fuerit:
625 2741 802 2849 denique
821 2739 1161 2826 inflammationes
1178 2745 1228 2826 de
1247 2773 1315 2851 ge·

272 2908 367 2962 nere
404 2879 662 2989 erysipelatis,
691 2908 788 2960 cum
820 2879 958 2961 dolore
993 2901 1124 2980 acuto,
1158 2881 1310 2990 quibus

259 3011 459 3099 'nonnulli
478 3040 675 3100 vexantur
693 3015 815 3098 semel
833 3017 897 3098 vel
914 3016 977 3099 bis
997 3017 1041 3097 in
1061 3046 1182 3118 anno,
1210 3047 1311 3128 prae·

137 3232 140 3245 ,
267 3155 503 3237 cedentibus
533 3153 701 3236 horrore
729 3177 770 3235 et
799 3155 944 3254 calore;
973 3153 1214 3261 hujusmodi
1247 3156 1310 3236 in-

265 3287 491 3374 flammatio
510 3292 719 3372 consuevit
738 3321 819 3372 esse
839 3291 1006 3372 molesta
1034 3291 1192 3398 aliquot
1210 3291 1308 3394 dies,

157 3495 160 3507 .
261 3451 303 3511 et
322 3427 529 3510 interdum
547 3427 695 3510 desinit
713 3427 757 3508 in
776 3429 891 3509 ulcus
911 3425 1126 3510 sordidum
1153 3431 1304 3514 multos

261 3589 388 3648 annos
407 3564 640 3648 insanabile.

312 3703 414 3784 Haec
443 3729 612 3786 crurum
643 3701 741 3784 vitia
770 3727 854 3782 non
881 3679 1037 3807 semper
1068 3698 1180 3783 intus
1212 3727 1303 3798 nas-

256 3863 420 3942 cuntur,
432 3841 501 3922 sed
515 3841 724 3923 interdurn
743 3853 791 3921 ex
810 3837 905 3920 ictu
951 3817 1145 3920 Foeminae
1164 3839 1298 3920 multo

253 3979 397 4086 magis,
416 4007 543 4086 quam
563 3979 653 4076 viri,
669 3977 746 4058 illis
766 3997 1006 4084 opportuna
1026 3995 1135 4074 sunt,
1154 3995 1298 4080 praeter

250 4111 619 4198 inflammationem
631 4115 742 4196 illam
754 4112 1087 4224 erysipelatodem
1095 4140 1187 4220 quae
1196 4139 1296 4219 pau·

247 4281 313 4336 cos
334 4251 417 4335 dies
432 4276 581 4335 manet.
612 4249 943 4352 Adolescentulae,
962 4247 1115 4356 quibus
1135 4245 1292 4357 integra

245 4391 435 4474 valetudo
454 4412 526 4493 est,
553 4389 763 4472 interdum
777 4389 1039 4497 experiuntur
1054 4387 1291 4470 tumoresin
