2990 5078
800 469 899 594 ror
991 433 994 439 ’

322 682 441 770 ricini
473 709 574 790 saepe
608 681 752 764 datum
785 705 871 784 est;
904 705 944 780 et
972 687 1137 768 nummi
1170 685 1386 793 vigesimo·

323 849 434 904 nono
453 819 518 900 die
547 849 570 900 a
598 847 683 926 quo
709 820 891 904 devorati
916 845 1043 922 erant,
1069 851 1166 908 cum
1195 847 1364 906 stercore

322 957 464 1064 dejecti
484 979 592 1051 sunt,
620 981 752 1062 neque
780 956 950 1040 fuerunt
970 961 1143 1041 omnino
1162 961 1267 1041 exesi
1296 982 1366 1042 aut

296 1153 299 1164 ·
325 1091 564 1202 rubiginosi.

646 1258 1053 1294 m!

641 1297 1044 1324 m

745 1471 851 1553 Car.
874 1473 940 1554 26.

705 1635 769 1714 De
788 1633 972 1716 Diabetc.

377 1795 611 1874 Draanrrs
633 1813 691 1873 est
711 1770 880 1873 morbus
897 1793 1020 1898 paulo
1035 1793 1187 1894 rarior;
1218 1821 1359 1902 quarn·

320 1929 463 2010 obrem
481 1929 648 2010 historia
660 1927 744 2034 ejus
764 1929 809 2008 in
824 1929 936 2010 libris
949 1930 1202 2011 medicorum
1219 1961 1361 2012 manca
1488 1961 1489 1968 ¹

291 2045 297 2062 ’
321 2089 393 2167 est,
411 2090 450 2148 et
469 2068 690 2150 obscurior.
748 2070 891 2176 Neque
911 2069 1024 2174 quod
1043 2068 1088 2148 in
1103 2070 1188 2149 aliis
1208 2069 1360 2152 deside·

213 2285 216 2296 ,
321 2225 447 2304 ratur,
476 2233 524 2284 ex
543 2205 705 2312 propria
727 2203 981 2311 experientia,
1010 2226 1058 2285 ut
1077 2207 1234 2312 vellem,
1262 2207 1361 2288 hau-

321 2342 399 2423 rire
415 2342 540 2448 potui.
598 2343 681 2422 Vix
696 2342 800 2422 mihi
812 2343 945 2422 oblata
957 2363 1016 2422 est
1031 2343 1184 2424 occasio
1196 2343 1360 2428 videndi

321 2507 452 2586 aegros
472 2479 632 2585 viginti,
651 2506 831 2586 quorum
854 2480 1023 2562 morbus
1043 2481 1261 2586 appellatus
1281 2479 1360 2562 fuit

318 2617 521 2714 diabetes;
550 2638 590 2697 et
622 2615 829 2698 interdum
858 2643 1006 2721 parum
1034 2639 1138 2696 recte
1168 2615 1359 2782 adhunc

319 2754 488 2834 titulum
507 2754 652 2838 relatus
671 2775 740 2836 est
799 2755 847 2836 In
861 2751 1044 2842 febribus
1064 2721 1317 2834 mortiferis
1302 2781 1359 2834 se-

318 2891 400 2970 mel
419 2911 556 2998 atque
565 2889 714 2978 iterum
734 2887 818 2970 vidi
847 2890 1010 2970 urinam
1036 2887 1362 2998 frequentissime

318 3047 359 3107 et
377 3025 649 3134 copiosissime
668 3026 796 3126 reddi,
815 3053 912 3112 cum
931 3025 998 3114 siti
1022 3025 1245 3108 insedabili
1304 3029 1360 3107 At

319 3137 560 3270 plerumque
584 3161 661 3242 hoc
680 3163 808 3246 urinae
838 3159 1092 3269 profluvium
1120 3163 1195 3252 tale
1215 3183 1286 3262 est,
1314 3185 1360 3242 ut

319 3299 490 3379 omnino
523 3299 568 3380 iu
602 3299 756 3380 morbis
794 3299 925 3406 longis
963 3299 1267 3380 numerandum
1296 3299 1356 3378 sit

318 3435 502 3514 Primum
520 3435 605 3544 ejus
633 3435 835 3517 indicium
862 3457 921 3516 est
948 3435 1033 3516 sitis
1062 3434 1235 3535 insolita,
1262 3461 1358 3515 cum

317 3571 458 3677 lingua
477 3599 613 3679 aspera
630 3593 671 3654 et
689 3573 877 3655 sordibus
898 3593 1012 3670 tecta,
1031 3571 1134 3654 etin
1148 3599 1216 3653 ore
1235 3593 1358 3678 gustu

317 3709 451 3809 malo;
481 3732 573 3790 tum
592 3709 674 3792 cibi
698 3709 896 3818 cupiditas
916 3707 1032 3815 perit,
1054 3707 1206 3790 arteriae
1226 3707 1357 3788 conci·

317 3869 469 3949 tantur,
481 3849 582 3932 vires
591 3871 632 3931 et
643 3877 789 3957 corpus
799 3849 1058 3948 amittuntur,
1069 3867 1109 3930 et
1119 3847 1227 3928 calor
1238 3873 1356 3927 urens

316 3985 420 4068 cutis
433 4009 492 4070 est
507 3988 591 4069 sine
604 3987 806 4068 levissimo
822 3986 969 4068 sudore
982 4019 992 4066 ι
1021 4007 1225 4092 postremo
1239 3983 1356 4065 urina

316 4153 436 4232 super
465 4125 682 4252 potionum
707 4125 882 4217 modum
909 4123 1123 4230 mingitur,
1151 4145 1190 4204 et
1209 4121 1355 4230 saporis

316 4262 449 4347 mellei
468 4285 537 4344 est.

370 4401 420 4482 In
438 4399 676 4485 hominibus
696 4401 801 4484 sanis
820 4401 941 4486 urina
966 4400 1065 4484 solet
1084 4397 1230 4528 quinta
1247 4415 1355 4508 parte
