2990 5078
622 476 713 568 101

142 675 308 758 variblat
328 677 538 764 interdum
556 679 778 788 subsecutm
799 702 896 764 eunt
923 681 1026 768 cutis
1047 682 1180 766 defor-

137 813 310 912 mitates,
340 841 431 926 quae
462 837 578 896 antea
604 815 724 908 nullae
753 815 917 900 fuerant
929 852 941 918 ς
971 819 1054 900 sive
1082 845 1179 904 ortae

135 949 218 1032 rint
229 977 278 1030 ex
292 952 381 1036 labe
394 951 585 1058 quadam,
599 979 725 1059 quam
740 953 806 1034 isti
819 955 953 1036 morbi
969 955 1178 1062 impresse-

14 1153 17 1158 *
134 1109 249 1186 rant3
279 1115 349 1170 seu
368 1110 460 1174 tum
479 1088 649 1172 demum
667 1090 835 1172 excitata
862 1090 1017 1172 fuerint
1036 1122 1177 1176 earum

135 1224 304 1322 semina,
324 1253 416 1332 quae
428 1225 500 1308 diu
512 1225 771 1326 delituerant3
800 1255 871 1308 teu
890 1229 1066 1335 denique
1082 1259 1178 1313 catu

133 1381 174 1444 et
193 1359 366 1442 fortuito
380 1360 535 1444 factum
556 1363 619 1464 sit,
634 1386 682 1448 ut
700 1363 777 1444 hoc
797 1364 1058 1470 potissimum
1073 1387 1176 1450 tem-

10 1517 13 1522 ·
133 1523 231 1603 pore
251 1497 469 1604 prodirent.
529 1501 691 1584 Etenim
710 1499 753 1580 id
771 1501 1025 1608 frequentius
1054 1531 1173 1584 even·

133 1653 279 1716 turum
298 1634 487 1716 credibile
506 1658 578 1735 est,
597 1635 800 1742 siquidem
818 1665 864 1717 ea
882 1636 987 1722 foret
1006 1641 1174 1726 morbil·

132 1769 272 1852 lorum
297 1791 337 1852 et
356 1761 600 1854 tariolarum
619 1785 776 1872 natura,
804 1795 853 1852 ut
872 1773 1083 1880 gignerent
1102 1789 1172 1858 au't

132 1908 286 1990 alerent
306 1907 407 1990 cutis
428 1909 535 1990 vitia.
620 1943 623 1948 ·

188 2045 555 2138 Puttulaemaxime
566 2045 697 2126 vernis
708 2033 957 2154 temporibus
967 2048 1170 2148 oriuntur,

134 2201 206 2260 aut
219 2180 461 2264 increscunt.
518 2183 752 2264 Secundum
771 2211 854 2283 ver,
869 2207 1092 2268 autumnus
1107 2183 1170 2268 his

131 2317 250 2398 malit
268 2315 432 2400 infamis
453 2339 521 2400 eet.
579 2320 737 2400 Tamen
756 2319 832 2402 hoc
851 2343 1014 2402 nonest
1033 2349 1171 2426 perpe.-

134 2433 266 2535 triunt
324 2457 386 2536 De
416 2475 565 2555 aettate,
593 2477 632 2536 et
650 2455 796 2556 hieme,
825 2457 928 2538 nihil
947 2453 1171 2542 certiaffir-

134 2615 244 2672 mate
263 2617 444 2696 possum,
461 2619 557 2672 cum
572 2591 616 2672 in
630 2613 803 2700 utraque
818 2615 1049 2700 tempestate
1062 2617 1171 2672 mot-

134 2725 221 2826 bos,
248 2727 298 2808 de
319 2727 469 2834 quibus
489 2755 620 2808 sermo
640 2752 711 2828 est,
733 2729 856 2812 modo
876 2754 1025 2828 auctos,
1045 2729 1169 2810 modo

134 2861 336 2967 mitigatos
361 2889 445 2950 esse
464 2864 652 2968 comperi.
711 2867 828 2948 Calor
855 2867 958 2966 lecti,
987 2888 1057 2946 aut
1075 2865 1170 2966 foci,

133 2999 411 3090 exanthemata
438 3000 636 3086 nonnulla
666 3001 761 3084 fecit
780 3001 973 3102 recedere,
992 3031 1087 3109 quae
1108 3029 1169 3081 re-

134 3157 339 3220 verterunt
355 3136 539 3242 protinus
551 3159 599 3221 ut
613 3165 757 3243 corpus
772 3136 956 3245 frigebat.
1006 3141 1054 3218 In
1069 3137 1169 3238 aliis,

133 3292 172 3354 et
195 3270 364 3354 forsitan
384 3273 583 3379 pluribus,
610 3274 801 3362 contrarii
826 3295 923 3360 sunt
941 3273 1080 3360 caloris
1110 3271 1169 3356 ef·

131 3406 271 3494 fectus.
306 3439 310 3445 ·
348 3425 352 3434 '

133 3529 137 3542 ’
186 3547 1167 3654 Humorpoetauresinfantibusfrequentissimut

132 3702 205 3782 eet3
220 3693 276 3766 'et
295 3683 515 3783 interdum,
541 3685 604 3766 vel
622 3685 676 3766 ob
706 3711 839 3766 acrem
857 3683 941 3790 ejus
966 3682 1169 3782 naturam,

133 3821 194 3905 vel·
205 3820 259 3904 ob
278 3819 509 3906 sorderum
522 3821 596 3908 rite
608 3822 777 3922 ablutas,
789 3849 859 3926 per
870 3843 992 3926 caput
1005 3821 1168 3902 univer-

47 3997 50 4004 *
131 3983 223 4039 sum
235 3977 274 4040 et
284 3955 429 4044 faciem
442 3957 573 4064 serpit.
606 3955 813 4044 Furfureae
829 3957 1101 4063 aspretudines
1114 3953 1167 4034 ad

132 4093 455 4198 magnitudinem
471 4092 623 4199 pollicit
636 4094 774 4194 uniirt,
793 4115 863 4174 aut
877 4093 1065 4200 amplius,
1079 4118 1167 4172 cor-

132 4253 203 4332 pur
222 4257 329 4334 taepe
342 4249 383 4310 et
398 4229 582 4310 membra
596 4229 662 4312 hic
674 4229 755 4317 illic
771 4227 1015 4341 deformant,
1029 4249 1068 4308 et
1081 4251 1166 4308 non

133 4388 219 4456 rato
233 4365 399 4480 initium
414 4365 700 4484 hahenteuper
715 4368 939 4482 oiecranon
1002 4363 1166 4472 Impati-
