<?xml version="1.0" encoding="UTF-8"?>
<!DOCTYPE html PUBLIC "-//W3C//DTD XHTML 1.0 Transitional//EN"
    "http://www.w3.org/TR/xhtml1/DTD/xhtml1-transitional.dtd">
<html xmlns="http://www.w3.org/1999/xhtml" xml:lang="en" lang="en">
 <head>
  <title>
</title>
<meta http-equiv="Content-Type" content="text/html;charset=utf-8" />
  <meta name='ocr-system' content='tesseract 3.04.00' />
  <meta name='ocr-capabilities' content='ocr_page ocr_carea ocr_par ocr_line ocrx_word'/>
</head>
<body>
  <div class='ocr_page' id='page_1' title='image "./commentariidemo00hebegoog_0386.png"; bbox 0 0 3050 5084; ppageno 0'>
   <div class='ocr_carea' id='block_1_1' title="bbox 636 438 734 556">
    <p class='ocr_par' dir='ltr' id='par_1_1' title="bbox 636 438 734 556">
     <span class='ocr_line' id='line_1_1' title="bbox 636 438 734 556; baseline -0.041 -16"><span class='ocrx_word' id='word_1_1' title='bbox 636 438 734 556; x_wconf 75' lang='lat'>871</span> 
     </span>
    </p>
   </div>
   <div class='ocr_carea' id='block_1_2' title="bbox 151 645 1204 1586">
    <p class='ocr_par' dir='ltr' id='par_1_2' title="bbox 151 645 1204 1586">
     <span class='ocr_line' id='line_1_2' title="bbox 159 645 1204 762; baseline 0.003 -23"><span class='ocrx_word' id='word_1_2' title='bbox 159 649 408 740; x_wconf 72' lang='lat' dir='ltr'><strong>medicinam</strong></span> <span class='ocrx_word' id='word_1_3' title='bbox 434 645 636 734; x_wconf 81' lang='lat' dir='ltr'>adhibere.</span> <span class='ocrx_word' id='word_1_4' title='bbox 693 646 738 732; x_wconf 78' lang='lat' dir='ltr'>si</span> <span class='ocrx_word' id='word_1_5' title='bbox 770 653 863 762; x_wconf 85' lang='lat' dir='ltr'>quis</span> <span class='ocrx_word' id='word_1_6' title='bbox 892 671 1042 758; x_wconf 84' lang='lat' dir='ltr'>tamen,</span> <span class='ocrx_word' id='word_1_7' title='bbox 1070 657 1204 741; x_wconf 86' lang='lat' dir='ltr'>nescio</span> 
     </span>
     <span class='ocr_line' id='line_1_3' title="bbox 157 788 1204 900; baseline 0.004 -27"><span class='ocrx_word' id='word_1_8' title='bbox 157 793 263 900; x_wconf 92' lang='lat' dir='ltr'>quid</span> <span class='ocrx_word' id='word_1_9' title='bbox 281 811 478 890; x_wconf 84' lang='lat' dir='ltr'>metuens,</span> <span class='ocrx_word' id='word_1_10' title='bbox 506 807 681 897; x_wconf 79' lang='lat' dir='ltr'><strong>nequeat</strong></span> <span class='ocrx_word' id='word_1_11' title='bbox 700 788 777 870; x_wconf 83' lang='lat' dir='ltr'>sibi</span> <span class='ocrx_word' id='word_1_12' title='bbox 796 807 1056 898; x_wconf 83' lang='lat' dir='ltr'>temperares</span> <span class='ocrx_word' id='word_1_13' title='bbox 1075 797 1204 878; x_wconf 56' lang='lat' dir='ltr'>medi*</span> 
     </span>
     <span class='ocr_line' id='line_1_4' title="bbox 154 925 1203 1036; baseline 0.004 -26"><span class='ocrx_word' id='word_1_14' title='bbox 154 929 260 1029; x_wconf 84' lang='lat' dir='ltr'>cina,</span> <span class='ocrx_word' id='word_1_15' title='bbox 292 925 410 1023; x_wconf 82' lang='lat' dir='ltr'>illum</span> <span class='ocrx_word' id='word_1_16' title='bbox 440 927 539 1008; x_wconf 87' lang='lat' dir='ltr'>scire</span> <span class='ocrx_word' id='word_1_17' title='bbox 561 947 723 1033; x_wconf 87' lang='lat' dir='ltr'>oportet</span> <span class='ocrx_word' id='word_1_18' title='bbox 750 927 964 1032; x_wconf 85' lang='lat' dir='ltr'>emplastra</span> <span class='ocrx_word' id='word_1_19' title='bbox 993 955 1084 1036; x_wconf 84' lang='lat' dir='ltr'>quae</span> <span class='ocrx_word' id='word_1_20' title='bbox 1113 959 1203 1014; x_wconf 81' lang='lat' dir='ltr'>exe-</span> 
     </span>
     <span class='ocr_line' id='line_1_5' title="bbox 151 1061 1202 1174; baseline 0.001 -22"><span class='ocrx_word' id='word_1_21' title='bbox 151 1067 274 1168; x_wconf 83' lang='lat' dir='ltr'>dunt,</span> <span class='ocrx_word' id='word_1_22' title='bbox 286 1088 328 1148; x_wconf 81' lang='lat' dir='ltr'>et</span> <span class='ocrx_word' id='word_1_23' title='bbox 340 1061 495 1166; x_wconf 83' lang='lat' dir='ltr'>balnea,</span> <span class='ocrx_word' id='word_1_24' title='bbox 509 1065 720 1174; x_wconf 82' lang='lat' dir='ltr'>aliquoties</span> <span class='ocrx_word' id='word_1_25' title='bbox 727 1061 925 1172; x_wconf 85' lang='lat' dir='ltr'>profuisse</span> <span class='ocrx_word' id='word_1_26' title='bbox 930 1099 942 1165; x_wconf 67' lang='grc' dir='ltr'><strong><em>ς</em></strong></span> <span class='ocrx_word' id='word_1_27' title='bbox 957 1067 1202 1152; x_wconf 80' lang='lat' dir='ltr'><strong>lavationem</strong></span> 
     </span>
     <span class='ocr_line' id='line_1_6' title="bbox 151 1195 1198 1317; baseline 0.005 -33"><span class='ocrx_word' id='word_1_28' title='bbox 151 1203 362 1312; x_wconf 80' lang='lat' dir='ltr'>frigidam,</span> <span class='ocrx_word' id='word_1_29' title='bbox 375 1203 635 1317; x_wconf 81' lang='lat' dir='ltr'>strangninie</span> <span class='ocrx_word' id='word_1_30' title='bbox 648 1202 884 1286; x_wconf 71' lang='lat' dir='ltr'>missionem</span> <span class='ocrx_word' id='word_1_31' title='bbox 894 1195 1020 1284; x_wconf 79' lang='lat' dir='ltr'>fuisse</span> <span class='ocrx_word' id='word_1_32' title='bbox 1033 1206 1178 1288; x_wconf 86' lang='lat' dir='ltr'>alienas</span> <span class='ocrx_word' id='word_1_33' title='bbox 1185 1239 1198 1308; x_wconf 71' lang='grc' dir='ltr'><strong>ς</strong></span> 
     </span>
     <span class='ocr_line' id='line_1_7' title="bbox 151 1339 1200 1440; baseline 0.002 -20"><span class='ocrx_word' id='word_1_34' title='bbox 151 1339 407 1420; x_wconf 86' lang='lat' dir='ltr'>arthritidem</span> <span class='ocrx_word' id='word_1_35' title='bbox 426 1361 508 1420; x_wconf 82' lang='lat' dir='ltr'>esse</span> <span class='ocrx_word' id='word_1_36' title='bbox 526 1339 739 1440; x_wconf 83' lang='lat' dir='ltr'>inutilem3</span> <span class='ocrx_word' id='word_1_37' title='bbox 767 1339 871 1420; x_wconf 84' lang='lat' dir='ltr'>vires</span> <span class='ocrx_word' id='word_1_38' title='bbox 890 1361 1028 1440; x_wconf 80' lang='lat' dir='ltr'>autem</span> <span class='ocrx_word' id='word_1_39' title='bbox 1046 1343 1200 1424; x_wconf 84' lang='lat' dir='ltr'>electri·</span> 
     </span>
     <span class='ocr_line' id='line_1_8' title="bbox 151 1475 1056 1586; baseline -0.001 -26"><span class='ocrx_word' id='word_1_40' title='bbox 151 1475 284 1560; x_wconf 82' lang='lat' dir='ltr'>citatis</span> <span class='ocrx_word' id='word_1_41' title='bbox 298 1476 487 1558; x_wconf 87' lang='lat' dir='ltr'>nondum</span> <span class='ocrx_word' id='word_1_42' title='bbox 506 1503 586 1559; x_wconf 88' lang='lat' dir='ltr'>usn</span> <span class='ocrx_word' id='word_1_43' title='bbox 603 1479 698 1560; x_wconf 82' lang='lat' dir='ltr'>satie</span> <span class='ocrx_word' id='word_1_44' title='bbox 710 1503 800 1560; x_wconf 59' lang='lat' dir='ltr'>,esse</span> <span class='ocrx_word' id='word_1_45' title='bbox 820 1491 1056 1586; x_wconf 78' lang='lat' dir='ltr'>compertas</span> 
     </span>
    </p>
   </div>
   <div class='ocr_carea' id='block_1_3' title="bbox 574 1820 775 1905">
    <p class='ocr_par' dir='ltr' id='par_1_3' title="bbox 574 1820 775 1905">
     <span class='ocr_line' id='line_1_9' title="bbox 574 1820 775 1905; baseline 0.01 -2"><span class='ocrx_word' id='word_1_46' title='bbox 574 1820 680 1903; x_wconf 78' lang='lat' dir='ltr'>Cnr.</span> <span class='ocrx_word' id='word_1_47' title='bbox 708 1825 775 1905; x_wconf 88' lang='grc'>91.</span> 
     </span>
    </p>
   </div>
   <div class='ocr_carea' id='block_1_4' title="bbox 415 1976 813 2066">
    <p class='ocr_par' dir='ltr' id='par_1_4' title="bbox 415 1976 813 2066">
     <span class='ocr_line' id='line_1_10' title="bbox 415 1976 813 2066; baseline -0.008 0"><span class='ocrx_word' id='word_1_48' title='bbox 415 1976 417 1988; x_wconf 74' lang='grc'><strong>’</strong></span> <span class='ocrx_word' id='word_1_49' title='bbox 527 1981 597 2066; x_wconf 80' lang='lat' dir='ltr'>De</span> <span class='ocrx_word' id='word_1_50' title='bbox 617 1981 813 2066; x_wconf 83' lang='lat' dir='ltr'>Tremore.</span> 
     </span>
    </p>
   </div>
   <div class='ocr_carea' id='block_1_5' title="bbox 145 2145 1241 2534">
    <p class='ocr_par' dir='ltr' id='par_1_5' title="bbox 145 2145 1241 2534">
     <span class='ocr_line' id='line_1_11' title="bbox 195 2145 1192 2262; baseline 0 -28"><span class='ocrx_word' id='word_1_51' title='bbox 195 2147 356 2236; x_wconf 72' lang='lat' dir='ltr'>CAPUT</span> <span class='ocrx_word' id='word_1_52' title='bbox 377 2163 417 2230; x_wconf 81' lang='lat' dir='ltr'>et&#39;</span> <span class='ocrx_word' id='word_1_53' title='bbox 436 2173 582 2230; x_wconf 84' lang='lat' dir='ltr'>manus</span> <span class='ocrx_word' id='word_1_54' title='bbox 601 2145 811 2226; x_wconf 88' lang='lat' dir='ltr'>interdum</span> <span class='ocrx_word' id='word_1_55' title='bbox 829 2159 1024 2253; x_wconf 81' lang='lat' dir='ltr'>tremunt,</span> <span class='ocrx_word' id='word_1_56' title='bbox 1042 2161 1082 2234; x_wconf 89' lang='lat' dir='ltr'>et</span> <span class='ocrx_word' id='word_1_57' title='bbox 1104 2173 1192 2262; x_wconf 82' lang='lat' dir='ltr'>spe-</span> 
     </span>
     <span class='ocr_line' id='line_1_12' title="bbox 145 2285 1192 2394; baseline 0.003 -22"><span class='ocrx_word' id='word_1_58' title='bbox 145 2291 251 2372; x_wconf 86' lang='lat' dir='ltr'>ciem</span> <span class='ocrx_word' id='word_1_59' title='bbox 279 2288 459 2394; x_wconf 83' lang='lat' dir='ltr'>aliquam</span> <span class='ocrx_word' id='word_1_60' title='bbox 487 2285 709 2391; x_wconf 82' lang='lat' dir='ltr'><strong>paralyseos</strong></span> <span class='ocrx_word' id='word_1_61' title='bbox 738 2311 819 2388; x_wconf 83' lang='lat' dir='ltr'>prae</span> <span class='ocrx_word' id='word_1_62' title='bbox 848 2313 888 2366; x_wconf 84' lang='lat' dir='ltr'>se</span> <span class='ocrx_word' id='word_1_63' title='bbox 916 2287 1081 2392; x_wconf 82' lang='lat' dir='ltr'>ferunt3</span> <span class='ocrx_word' id='word_1_64' title='bbox 1110 2320 1192 2374; x_wconf 87' lang='lat' dir='ltr'>usn</span> 
     </span>
     <span class='ocr_line' id='line_1_13' title="bbox 146 2417 1241 2534; baseline 0 -25"><span class='ocrx_word' id='word_1_65' title='bbox 146 2449 284 2508; x_wconf 82' lang='lat' dir='ltr'>nutem</span> <span class='ocrx_word' id='word_1_66' title='bbox 302 2421 573 2530; x_wconf 87' lang='lat' dir='ltr'>comperimus</span> <span class='ocrx_word' id='word_1_67' title='bbox 593 2417 831 2525; x_wconf 84' lang='lat' dir='ltr'>hujusmodi</span> <span class='ocrx_word' id='word_1_68' title='bbox 849 2445 1041 2508; x_wconf 89' lang='lat' dir='ltr'>tremores</span> <span class='ocrx_word' id='word_1_69' title='bbox 1062 2429 1191 2534; x_wconf 88' lang='lat' dir='ltr'>majo·</span> <span class='ocrx_word' id='word_1_70' title='bbox 1236 2437 1241 2448; x_wconf 75' lang='lat'>‘</span> 
     </span>
    </p>
   </div>
   <div class='ocr_carea' id='block_1_6' title="bbox 130 2559 1296 4562">
    <p class='ocr_par' dir='ltr' id='par_1_6' title="bbox 136 2559 1286 3628">
     <span class='ocr_line' id='line_1_14' title="bbox 143 2559 1188 2668; baseline -0.003 -21"><span class='ocrx_word' id='word_1_71' title='bbox 143 2581 232 2647; x_wconf 84' lang='lat' dir='ltr'>rem</span> <span class='ocrx_word' id='word_1_72' title='bbox 247 2561 338 2642; x_wconf 75' lang='lat' dir='ltr'>vitas</span> <span class='ocrx_word' id='word_1_73' title='bbox 354 2579 509 2666; x_wconf 83' lang='lat' dir='ltr'>partem</span> <span class='ocrx_word' id='word_1_74' title='bbox 528 2579 791 2662; x_wconf 83' lang='lat' dir='ltr'>perseverasse</span> <span class='ocrx_word' id='word_1_75' title='bbox 807 2559 891 2640; x_wconf 88' lang='lat' dir='ltr'>sine</span> <span class='ocrx_word' id='word_1_76' title='bbox 912 2561 1094 2668; x_wconf 84' lang='lat' dir='ltr'>quolibet</span> <span class='ocrx_word' id='word_1_77' title='bbox 1109 2565 1188 2644; x_wconf 88' lang='lat' dir='ltr'>alio</span> 
     </span>
     <span class='ocr_line' id='line_1_15' title="bbox 144 2691 1188 2803; baseline -0.001 -22"><span class='ocrx_word' id='word_1_78' title='bbox 144 2697 292 2780; x_wconf 80' lang='lat' dir='ltr'>morbo</span> <span class='ocrx_word' id='word_1_79' title='bbox 310 2696 590 2800; x_wconf 65' lang='lat' dir='ltr'>subsequentes</span> <span class='ocrx_word' id='word_1_80' title='bbox 623 2691 923 2803; x_wconf 79' lang='lat' dir='ltr'>Quamobrem,</span> <span class='ocrx_word' id='word_1_81' title='bbox 942 2697 976 2778; x_wconf 88' lang='lat' dir='ltr'>si</span> <span class='ocrx_word' id='word_1_82' title='bbox 993 2698 1098 2782; x_wconf 84' lang='lat' dir='ltr'>forte</span> <span class='ocrx_word' id='word_1_83' title='bbox 1116 2700 1188 2782; x_wconf 73' lang='lat' dir='ltr'>ali-</span> 
     </span>
     <span class='ocr_line' id='line_1_16' title="bbox 143 2828 1188 2942; baseline 0.003 -25"><span class='ocrx_word' id='word_1_84' title='bbox 143 2833 393 2942; x_wconf 77' lang='lat' dir='ltr'>quantulum</span> <span class='ocrx_word' id='word_1_85' title='bbox 423 2849 601 2938; x_wconf 82' lang='lat' dir='ltr'>spectent</span> <span class='ocrx_word' id='word_1_86' title='bbox 629 2828 680 2908; x_wconf 89' lang='lat' dir='ltr'>ad</span> <span class='ocrx_word' id='word_1_87' title='bbox 710 2829 926 2938; x_wconf 83' lang='lat' dir='ltr'>paralysin,</span> <span class='ocrx_word' id='word_1_88' title='bbox 958 2835 1100 2940; x_wconf 87' lang='lat' dir='ltr'>procul</span> <span class='ocrx_word' id='word_1_89' title='bbox 1127 2851 1188 2920; x_wconf 55' lang='lat' dir='ltr'>tas</span> 
     </span>
     <span class='ocr_line' id='line_1_17' title="bbox 142 2965 1187 3076; baseline 0 -22"><span class='ocrx_word' id='word_1_90' title='bbox 142 2999 241 3054; x_wconf 90' lang='lat' dir='ltr'>men</span> <span class='ocrx_word' id='word_1_91' title='bbox 279 2969 333 3052; x_wconf 82' lang='lat' dir='ltr'>eb</span> <span class='ocrx_word' id='word_1_92' title='bbox 367 2995 415 3050; x_wconf 81' lang='lat' dir='ltr'>ee</span> <span class='ocrx_word' id='word_1_93' title='bbox 441 2965 617 3047; x_wconf 72' lang='lat' dir='ltr'>distanti</span> <span class='ocrx_word' id='word_1_94' title='bbox 658 2987 699 3046; x_wconf 90' lang='lat' dir='ltr'>et</span> <span class='ocrx_word' id='word_1_95' title='bbox 726 2966 907 3076; x_wconf 78' lang='lat' dir='ltr'>profecto</span> <span class='ocrx_word' id='word_1_96' title='bbox 933 2969 1187 3054; x_wconf 83' lang='lat' dir='ltr'>incommodi</span> 
     </span>
     <span class='ocr_line' id='line_1_18' title="bbox 139 3103 1185 3216; baseline 0 -26"><span class='ocrx_word' id='word_1_97' title='bbox 139 3110 231 3216; x_wconf 87' lang='lat' dir='ltr'>plna</span> <span class='ocrx_word' id='word_1_98' title='bbox 246 3129 318 3206; x_wconf 85' lang='lat' dir='ltr'>eet,</span> <span class='ocrx_word' id='word_1_99' title='bbox 337 3122 464 3214; x_wconf 80' lang='lat' dir='ltr'>quem</span> <span class='ocrx_word' id='word_1_100' title='bbox 479 3103 670 3211; x_wconf 74' lang='lat' dir='ltr'>periculi.¹</span> <span class='ocrx_word' id='word_1_101' title='bbox 700 3104 1062 3212; x_wconf 84' lang='lat' dir='ltr'>Hypochondriaci</span> <span class='ocrx_word' id='word_1_102' title='bbox 1080 3135 1185 3216; x_wconf 79' lang='lat' dir='ltr'>saeps</span> 
     </span>
     <span class='ocr_line' id='line_1_19' title="bbox 139 3241 1286 3348; baseline 0 -20"><span class='ocrx_word' id='word_1_103' title='bbox 139 3245 218 3328; x_wconf 88' lang='lat' dir='ltr'>hoc</span> <span class='ocrx_word' id='word_1_104' title='bbox 247 3244 397 3326; x_wconf 82' lang='lat' dir='ltr'>vitium</span> <span class='ocrx_word' id='word_1_105' title='bbox 429 3241 722 3348; x_wconf 73' lang='lat' dir='ltr'>experiuntur5</span> <span class='ocrx_word' id='word_1_106' title='bbox 764 3241 912 3324; x_wconf 82' lang='lat' dir='ltr'>ebriosi</span> <span class='ocrx_word' id='word_1_107' title='bbox 938 3244 990 3325; x_wconf 83' lang='lat' dir='ltr'>ab</span> <span class='ocrx_word' id='word_1_108' title='bbox 1017 3273 1065 3327; x_wconf 90' lang='lat' dir='ltr'>eo</span> <span class='ocrx_word' id='word_1_109' title='bbox 1092 3273 1185 3328; x_wconf 83' lang='lat' dir='ltr'>raro</span> <span class='ocrx_word' id='word_1_110' title='bbox 1284 3299 1286 3306; x_wconf 42' lang='grc' dir='ltr'><strong><em>ι</em></strong></span> 
     </span>
     <span class='ocr_line' id='line_1_20' title="bbox 136 3379 1183 3488; baseline 0.004 -24"><span class='ocrx_word' id='word_1_111' title='bbox 136 3379 256 3468; x_wconf 86' lang='lat' dir='ltr'>liberi</span> <span class='ocrx_word' id='word_1_112' title='bbox 275 3403 392 3464; x_wconf 86' lang='lat' dir='ltr'>sunt:</span> <span class='ocrx_word' id='word_1_113' title='bbox 422 3379 533 3464; x_wconf 82' lang='lat' dir='ltr'>idem</span> <span class='ocrx_word' id='word_1_114' title='bbox 557 3403 724 3488; x_wconf 81' lang='lat' dir='ltr'>quoque</span> <span class='ocrx_word' id='word_1_115' title='bbox 751 3379 804 3462; x_wconf 88' lang='lat' dir='ltr'>in.</span> <span class='ocrx_word' id='word_1_116' title='bbox 825 3383 1037 3466; x_wconf 78' lang='lat' dir='ltr'>senectutis</span> <span class='ocrx_word' id='word_1_117' title='bbox 1065 3385 1183 3468; x_wconf 85' lang='lat' dir='ltr'>malis</span> 
     </span>
     <span class='ocr_line' id='line_1_21' title="bbox 136 3517 604 3628; baseline -0.009 -24"><span class='ocrx_word' id='word_1_118' title='bbox 136 3517 517 3628; x_wconf 80' lang='lat' dir='ltr'>frequentissimum</span> <span class='ocrx_word' id='word_1_119' title='bbox 534 3539 604 3600; x_wconf 75' lang='lat' dir='ltr'>eet·</span> 
     </span>
    </p>

    <p class='ocr_par' dir='ltr' id='par_1_7' title="bbox 130 3652 1296 4451">
     <span class='ocr_line' id='line_1_22' title="bbox 143 3652 1181 3764; baseline 0.001 -24"><span class='ocrx_word' id='word_1_120' title='bbox 143 3689 158 3748; x_wconf 79' lang='lat'>,·</span> <span class='ocrx_word' id='word_1_121' title='bbox 193 3659 294 3760; x_wconf 84' lang='lat' dir='ltr'>Hic,</span> <span class='ocrx_word' id='word_1_122' title='bbox 308 3655 474 3764; x_wconf 84' lang='lat' dir='ltr'>perinde</span> <span class='ocrx_word' id='word_1_123' title='bbox 487 3652 614 3738; x_wconf 82' lang='lat' dir='ltr'>acalii</span> <span class='ocrx_word' id='word_1_124' title='bbox 627 3665 849 3736; x_wconf 77' lang='lat' dir='ltr'>nervorum</span> <span class='ocrx_word' id='word_1_125' title='bbox 864 3652 1042 3758; x_wconf 83' lang='lat' dir='ltr'>affectus,</span> <span class='ocrx_word' id='word_1_126' title='bbox 1060 3681 1181 3742; x_wconf 85' lang='lat' dir='ltr'>mane</span> 
     </span>
     <span class='ocr_line' id='line_1_23' title="bbox 136 3789 1182 3906; baseline -0.004 -27"><span class='ocrx_word' id='word_1_127' title='bbox 136 3815 230 3906; x_wconf 82' lang='lat' dir='ltr'>post</span> <span class='ocrx_word' id='word_1_128' title='bbox 241 3821 438 3878; x_wconf 87' lang='lat' dir='ltr'>somnum</span> <span class='ocrx_word' id='word_1_129' title='bbox 456 3789 665 3876; x_wconf 72' lang='lat' dir='ltr'>consevit</span> <span class='ocrx_word' id='word_1_130' title='bbox 682 3791 988 3874; x_wconf 83' lang='lat' dir='ltr'>molestissimus</span> <span class='ocrx_word' id='word_1_131' title='bbox 1006 3821 1113 3894; x_wconf 69' lang='lat' dir='ltr'>esses</span> <span class='ocrx_word' id='word_1_132' title='bbox 1139 3817 1182 3876; x_wconf 85' lang='lat' dir='ltr'>er</span> 
     </span>
     <span class='ocr_line' id='line_1_24' title="bbox 135 3927 1179 4044; baseline -0.004 -26"><span class='ocrx_word' id='word_1_133' title='bbox 135 3927 318 4044; x_wconf 80' lang='lat' dir='ltr'>qnalibet</span> <span class='ocrx_word' id='word_1_134' title='bbox 332 3931 478 4012; x_wconf 82' lang='lat' dir='ltr'>mentis</span> <span class='ocrx_word' id='word_1_135' title='bbox 497 3927 800 4038; x_wconf 81' lang='lat' dir='ltr'>perturbatione</span> <span class='ocrx_word' id='word_1_136' title='bbox 816 3952 997 4039; x_wconf 79' lang='lat' dir='ltr'>augetur.</span> <span class='ocrx_word' id='word_1_137' title='bbox 1055 3929 1179 4015; x_wconf 78' lang='lat' dir='ltr'>There</span> 
     </span>
     <span class='ocr_line' id='line_1_25' title="bbox 133 4063 1296 4178; baseline -0.001 -24"><span class='ocrx_word' id='word_1_138' title='bbox 133 4071 254 4174; x_wconf 75' lang='lat' dir='ltr'>feriit,¹</span> <span class='ocrx_word' id='word_1_139' title='bbox 284 4071 498 4178; x_wconf 73' lang='lat' dir='ltr'>bsccaeque</span> <span class='ocrx_word' id='word_1_140' title='bbox 524 4063 670 4148; x_wconf 73' lang='lat' dir='ltr'>coffeae</span> <span class='ocrx_word' id='word_1_141' title='bbox 698 4065 1178 4150; x_wconf 68' lang='lat' dir='ltr'>faciunt-nemmem</span> <span class='ocrx_word' id='word_1_142' title='bbox 1292 4143 1296 4153; x_wconf 85' lang='lat'>.</span> 
     </span>
     <span class='ocr_line' id='line_1_26' title="bbox 131 4203 1177 4313; baseline -0.005 -21"><span class='ocrx_word' id='word_1_143' title='bbox 131 4211 491 4306; x_wconf 67' lang='lat' dir='ltr'>manustremem</span> <span class='ocrx_word' id='word_1_144' title='bbox 510 4203 672 4288; x_wconf 86' lang='lat' dir='ltr'>sedhoc</span> <span class='ocrx_word' id='word_1_145' title='bbox 686 4227 1177 4313; x_wconf 78' lang='lat' dir='ltr'>nequaqnnmeetperpe·</span> 
     </span>
     <span class='ocr_line' id='line_1_27' title="bbox 130 4341 1175 4451; baseline -0.004 -21"><span class='ocrx_word' id='word_1_146' title='bbox 130 4357 266 4430; x_wconf 81' lang='lat' dir='ltr'>tunm.</span> <span class='ocrx_word' id='word_1_147' title='bbox 307 4341 495 4450; x_wconf 72' lang='lat' dir='ltr'>Cognovi</span> <span class='ocrx_word' id='word_1_148' title='bbox 506 4341 662 4442; x_wconf 78' lang='lat' dir='ltr'>virum,</span> <span class='ocrx_word' id='word_1_149' title='bbox 673 4341 981 4451; x_wconf 65' lang='lat' dir='ltr'>quisquemon</span> <span class='ocrx_word' id='word_1_150' title='bbox 998 4343 1061 4426; x_wconf 85' lang='lat' dir='ltr'>his</span> <span class='ocrx_word' id='word_1_151' title='bbox 1079 4343 1175 4426; x_wconf 80' lang='lat' dir='ltr'>bsc-</span> 
     </span>
    </p>

    <p class='ocr_par' dir='ltr' id='par_1_8' title="bbox 576 4501 675 4562">
     <span class='ocr_line' id='line_1_28' title="bbox 576 4501 675 4562; baseline -0.01 -9"><span class='ocrx_word' id='word_1_152' title='bbox 576 4501 675 4562; x_wconf 77' lang='lat' dir='ltr'>ann</span> 
     </span>
    </p>
   </div>
   <div class='ocr_carea' id='block_1_7' title="bbox 0 0 1530 5084">
    <p class='ocr_par' dir='ltr' id='par_1_9' title="bbox 0 0 1530 5084">
     <span class='ocr_line' id='line_1_29' title="bbox 0 0 1530 5084; baseline 0 7"><span class='ocrx_word' id='word_1_153' title='bbox 0 0 1530 5084; x_wconf 95' lang='lat' dir='ltr'> </span> 
     </span>
    </p>
   </div>
  </div>
 </body>
</html>
