3016 5076
341 704 495 785 horum
508 699 725 781 utilitatem
742 696 1019 780 remediorum
1037 725 1137 782 usus
1155 699 1262 788 mihi
1288 729 1383 788 con-

250 943 251 946 Ν
341 837 533 921 firmavit.

396 974 557 1056 Vinum
565 999 784 1071 meracum,
791 967 1066 1080 multumque,
1073 971 1383 1060 arthritieis'val-

341 1108 968 1196 deconvenireexisrimatumest.
994 1110 1383 1220 Quamopinioncm

341 1246 581 1332 crediderim
599 1245 881 1358 percrebuisse,
897 1271 982 1326 non
1002 1267 1085 1328 tam
1101 1243 1200 1354 quia
1217 1276 1380 1356 persua.

340 1384 501 1468 sumsit
517 1383 562 1464 id
574 1383 631 1464 ita
641 1409 736 1483 esse,
755 1409 881 1490 quam
897 1381 994 1489 quia
1008 1409 1153 1464 verum
1166 1411 1250 1466 esse
1264 1405 1378 1494 opta·

339 1523 473 1606 serint
485 1521 559 1629 qui
573 1519 720 1602 vinum
731 1540 878 1614 amant
908 1521 1068 1600 Verum
1079 1519 1147 1602 isti
1158 1521 1282 1602 velim
1293 1547 1378 1606 me·

337 1659 532 1742 minerint
549 1683 674 1738 usum
692 1655 780 1735 vini
802 1653 1022 1762 largiorem
1041 1655 1209 1738 seorsim
1236 1657 1378 1742 laeders

337 1795 625 1892 ventriculum,
642 1813 682 1873 et
700 1791 1003 1872 concoctionem
1030 1791 1252 1899 impedire3
1281 1816 1376 1878 tum

337 1957 505 2040 quoque
516 1926 846 2044 eospotissimum
853 1926 1016 2033 gignere
1026 1949 1147 2036 atque
1157 1929 1376 2012 aleremor-

237 2165 239 2172 Α
336 2070 442 2150 bum
466 2065 733 2162 articulatam,
761 2063 835 2171 qui
853 2065 950 2145 vino
978 2064 1108 2146 dediti
1126 2087 1243 2166 sunt3
1271 2067 1376 2149 dum

335 2201 656 2316 pauperioribus,
670 2201 821 2308 quibus
841 2228 947 2308 aqua
965 2223 1025 2284 est
1041 2201 1125 2284 fere
1137 2203 1283 2286 unicus
1301 2233 1374 2311 po-

335 2363 416 2442 tus,
430 2337 627 2446 cupiditas
642 2337 724 2418 cibi
735 2336 864 2444 major
883 2363 953 2439 est,
968 2359 1008 2419 et
1021 2340 1228 2420 concoctio
1242 2341 1373 2448 diges-

334 2479 475 2586 tioque
489 2473 657 2575 facilior,
671 2495 711 2556 et
725 2473 902 2556 arthritis
914 2473 998 2556 fere
1008 2475 1228 2582 incognita.
1262 2477 1371 2560 Mihi

334 2641 429 2698 sane
437 2609 607 2718 contigit
618 2611 875 2718 paucissimas
883 2609 1018 2693 videre
1028 2613 1230 2695 absolutas
1237 2636 1372 2722 etper-

331 2751 454 2833 fectae
473 2748 596 2856 hujus
614 2747 751 2828 morbi
770 2747 1010 2828 sanationes:
1038 2775 1148 2830 nnus
1175 2771 1314 2832 autem
1331 2773 1371 2834 et

332 2884 444 2988 alter,
462 2885 535 2994 qui
553 2884 719 2965 animali
730 2884 822 2965 cibo
835 2884 1014 2991 vinoque
1025 2911 1074 2966 ex
1089 2859 1176 2966 toto
1187 2886 1370 2970 abstinu-

265 3095 268 3104 .
330 3045 458 3124 erant,
484 3021 659 3104 restituti
676 3017 847 3102 fuerunt
864 3049 913 3102 ex
927 3047 1090 3102 summa
1107 3020 1311 3106 debilitate
1330 3041 1370 3108 et

328 3159 491 3258 miseria
515 3159 561 3238 in
578 3157 850 3238 valetudinem
878 3147 976 3238 adeo
1004 3155 1183 3259 firmam,
1208 3179 1258 3240 ut
1285 3159 1369 3242 vita

328 3325 414 3379 non
426 3293 598 3402 amplius
610 3315 710 3374 esset
720 3295 784 3374 vel
795 3293 880 3375 aliis
898 3294 1067 3395 inutilis,
1095 3297 1159 3376 vel
1173 3295 1252 3377 sibi
1269 3295 1366 3402 ipsis

192 3467 194 3475 ¹
327 3429 563 3541 injucunda.
620 3431 812 3510 Attamen
831 3457 920 3512 rara
938 3429 1060 3512 nimis
1081 3451 1178 3513 sunt
1196 3429 1281 3512 haec
1299 3459 1367 3514 ex·

326 3569 472 3676 empla,
501 3593 627 3674 quam
645 3588 693 3648 ut
711 3565 929 3668 confidam,
956 3568 1020 3648 vel
1037 3566 1160 3648 etiam
1183 3567 1366 3652 multum

326 3731 482 3813 sperem
499 3702 599 3804 fore,
617 3725 665 3786 ut
678 3703 763 3784 aliis
783 3704 898 3786 liceat
915 3731 998 3786 esse
1016 3729 1130 3812 acque
1147 3703 1345 3787 felicibus.

380 3843 619 3952 Ambigitur
637 3841 897 3922 invadentine
915 3839 1116 3948 podagre,
1139 3841 1256 3950 quasi
1282 3841 1364 3924 vic·
1435 3905 1445 3922 ,

323 4001 406 4080 tus,
429 4007 575 4060 manus
594 3980 690 4061 dare
713 4005 816 4087 aeger
834 3978 990 4080 debeat,
1016 3979 1102 4061 otio
1126 4000 1167 4061 et
1184 3979 1362 4062 vestibus

322 4115 568 4200 mollissimis
588 4145 677 4198 eam
688 4116 912 4224 excipiens3
942 4143 995 4198 en
1014 4116 1186 4198 summis
1204 4115 1362 4202 viribus

320 4255 540 4342 contendat
558 4279 668 4340 artus
687 4251 847 4338 affectos
862 4279 1039 4358 movere,
1056 4253 1310 4364 hostemque,
1328 4253 1363 4340 si
