3016 5076
781 455 954 554 50.-

292 687 335 748 et·
351 659 575 748 emendare.
634 661 799 744 Etenim
817 661 923 744 dum
940 661 1052 744 fama
1070 661 1155 770 ejus
1169 662 1343 770 ¹vigeret,

247 785 249 791 ’
292 802 338 888 in
356 821 417 882 tot
433 798 561 905 aegris,
580 799 653 906 qui
664 827 712 880 eo
722 799 788 880 usi
799 821 909 900 sunt,
928 799 1109 908 podagra
1122 801 1186 882 vel
1200 801 1340 884 mitior

294 937 401 1022 facta
419 957 492 1036 est,
509 935 572 1016 rel
587 935 714 1016 rarius
731 935 901 1042 repetiit,
929 957 978 1018 ut
996 937 1064 1018 vix
1080 939 1206 1043 possit
1219 937 1342 1020 dubi-

296 1075 375 1160 tari
392 1073 467 1158 hos
486 1071 651 1155 effectus
670 1074 739 1154 isti
756 1073 1053 1156 medicamento
1065 1101 1149 1158 esse
1160 1076 1346 1160 tribuen-

297 1213 384 1296 dos.
445 1210 573 1324 Quod
604 1233 743 1292 autem
762 1212 846 1292 ulla
865 1211 972 1306 mala
990 1239 1040 1294 ex
1054 1213 1123 1293 illo
1143 1234 1232 1294 orta
1251 1213 1346 1316 sint,

300 1370 443 1458 praeter
460 1346 687 1449 fastidium,
717 1347 831 1456 quod
853 1348 1002 1430 modus
1022 1347 1176 1430 nimius
1196 1351 1347 1454 attulit,

299 1485 405 1570 mihi
434 1467 605 1594 ¹quidem
629 1513 704 1568 nec
729 1509 887 1568 certum
909 1513 1099 1596 unquam
1118 1488 1255 1570 visum
1274 1511 1347 1590 est,

301 1651 375 1708 nec
386 1623 624 1706 verisimile.
682 1623 816 1704 Pulvis
832 1645 970 1706 autem
981 1623 1047 1706 ille
1061 1624 1229 1706 tandem
1247 1651 1347 1732 neg·

301 1763 453 1846 lectum
471 1783 514 1844 et
525 1759 746 1868 infamiam
765 1761 905 1862 subiit,
923 1783 1111 1842 nontam
1129 1763 1227 1870 quia
1244 1762 1350 1846 nihil

303 1901 559 2006 fe'cit‚.quam
574 1877 672 2005 quia
686 1898 876 1984 nimium.
918 1899 1120 1980 Homines
1136 1899 1248 1980 enim
1262 1927 1351 2002 ma·

304 2037 365 2144 gis
377 2055 569 2116 metuunt
584 2062 608 2114 a
622 2035 803 2117 sanando
817 2035 965 2118 morbo
981 2036 1198 2136 articulari,
1221 2061 1371 2154 quam

304 2175 357 2260 ab
376 2180 424 2256 eo'
454 2171 687 2273 tolerand03
717 2194 757 2255 et
789 2173 975 2267 lubenter
998 2201 1040 2255 se
1061 2173 1230 2255 tradunt
1251 2171 1352 2258 huic

306 2330 483 2420 tyranno
501 2307 802 2412 excruciandos,
830 2335 882 2392 ne
904 2310 1010 2393 forte
1029 2309 1172 2392 saevior
1193 2310 1239 2390 in
1263 2311 1352 2419 ejus

307 2449 446 2530 locum
464 2441 700 2528 sufficiatur.

354 2575 495 2696 Quod
512 2582 545 2664 si
564 2582 792 2665 constiterit
816 2585 1025 2692 pulverem
1048 2582 1354 2666 Portlandicum

309 2719 397 2804 vim
426 2719 574 2802 habere
608 2721 790 2830 aliquam
811 2721 1030 2828 mitigandi
1049 2743 1120 2802 aut
1137 2720 1354 2802 differendi

309 2857 496 2965 podagra
508 2857 763 2958 accessiones,
791 2880 999 2964 propterea
1015 2859 1128 2966 quod
1143 2857 1355 2939 stomacho

308 3015 349 3078 et
366 2993 620 3078 concoctioni
639 2993 793 3076 amicus
806 3016 885 3104 est3
904 2995 964 3076 illi
975 2994 1261 3102 compositioni
1271 2993 1357 3074 uti·

309 3131 400 3216 liter
412 3131 597 3216 subtrahi
615 3131 774 3238 possint
783 3130 953 3238 simplex
963 3159 1099 3212 unum
1113 3153 1153 3212 et
1165 3131 1356 3230 alterum,

309 3295 402 3376 quae
421 3267 612 3363 credibile
630 3289 690 3350 est
702 3267 801 3348 huic
817 3265 893 3350 fini
907 3267 1019 3350 haud
1032 3269 1215 3350 multum
1228 3267 1359 3348 inser-

310 3405 407 3488 vire.
465 3405 579 3486 Tum
597 3431 693 3486 vero
707 3405 819 3488 idem
832 3405 1025 3490 omnibus
1037 3405 1185 3486 modus
1200 3432 1358 3512 nequa-

312 3567 440 3650 quam
452 3561 514 3624 est
527 3539 812 3642 adhibendum
841 3563 883 3624 at
897 3543 1110 3650 diligenter
1128 3541 1358 3624 videndum

312 3705 365 3762 ne
381 3677 631 3764 ventriculus
655 3677 896 3764 offendam.
953 3679 1111 3764 Scilicet
1129 3679 1360 3761 absurdum

311 3837 371 3900 est
388 3817 489 3899 velle
507 3815 595 3898 vim
613 3815 758 3899 addere
777 3818 986 3901 stomacho
1001 3847 1072 3927 per
1086 3819 1361 3900 medicamen-

310 3977 418 4055 tum,
445 3953 561 4062 quod
581 3954 647 4036 vel
663 3956 771 4038 mole
791 3983 865 4038 sua
883 3955 1030 4058 nimia,
1053 3957 1117 4038 vel
1136 3983 1275 4063 sapore
1294 3954 1360 4034 in-

306 4091 508 4202 jucunda,
518 4119 712 4176 nauseam
726 4117 767 4178 et
784 4093 997 4177 fastidium
1012 4121 1175 4176 movere
1189 4121 1274 4174 non
1290 4091 1361 4172 de-

312 4230 431 4314 sinit:
460 4230 505 4312 id
519 4233 634 4340 quod
648 4259 750 4341 saepe
764 4234 899 4319 evenit
912 4263 961 4317 ex
975 4233 1166 4344 imperito
1180 4229 1359 4341 pulveris
1497 4271 1498 4329 ᾗ

312 4369 555 4454 Portlandici
572 4399 662 4454 usu.
709 4455 717 4474 ,
