3016 5076
134 729 177 788 ra
194 719 324 800 erant,
350 715 392 778 et
409 691 581 776 valvulae
599 687 706 770 inter
721 685 946 766 auriculam
964 704 1006 764 et
1030 680 1180 800 ventri-

135 845 277 926 culum
292 831 445 918 sinistri
459 828 592 911 laterie
605 845 841 922 extenuatae,
865 845 905 904 et
923 820 1121 904 indurata
1135 819 1182 900 in

136 975 350 1063 tubercula
359 966 564 1054 informia.
601 961 787 1076 Quidam
803 983 969 1066 quoque
985 957 1184 1039 asthmata

138 1115 398 1198 vehementer
427 1105 690 1200 laboraverat,
722 1095 837 1204 cujus
858 1095 1000 1204 pulmo
1019 1115 1103 1176 etat
1121 1093 1185 1174 in-

138 1248 394 1358 tegerrimus,
412 1269 482 1324 cor
493 1239 616 1321 etiam
628 1261 788 1333 sanum,
806 1259 939 1340 neque
953 1253 1037 1313 erat
1051 1232 1187 1312 ullum
1237 1283 1245 1304 ,

138 1385 292 1470 vitium
324 1375 657 1489 diaphragmatis,
694 1399 768 1452 nac
800 1371 845 1449 in
875 1391 1034 1476 pectore
1067 1395 1188 1476 aqua,
1276 1383 1278 1388 ’

140 1544 212 1606 aut
225 1548 318 1630 pua,
336 1539 412 1600 aut
422 1511 579 1622 aliquid
593 1507 726 1608 alieni,
749 1528 892 1614 praeter
907 1505 1106 1612 quasdam
1119 1533 1187 1588 ex-

141 1683 292 1744 ostoses
323 1655 605 1738 vertebrarum
636 1645 821 1728 thoracis.
879 1643 973 1724 Alio
998 1641 1189 1724 cadavere

142 1799 286 1896 inciso,
320 1793 533 1901 pulmones
563 1781 696 1868 inflati
721 1781 954 1878 manebant,
983 1802 1106 1886 atque
1124 1807 1191 1860 ex-

143 1935 343 2017 trinsecus
378 1925 698 2032 contegebantur
730 1917 897 2000 bullulis
930 1925 1018 1999 aere
1051 1919 1192 2024 plenis,
1288 1964 1297 1991 -,

144 2069 451 2180 aliquantulum
462 2059 752 2157 eminentibus,
764 2078 804 2138 et
815 2055 1051 2138 tenuissima
1062 2085 1191 2140 mem-

145 2211 278 2294 brana
307 2203 486 2302 inclusis,
515 2224 693 2307 quarum
723 2223 808 2275 una
836 2215 972 2300 aperta
1001 2196 1085 2276 aliae
1107 2225 1194 2278 non

146 2343 474 2448 collabebantur:
503 2336 667 2418 nullum
686 2331 800 2413 aliud
813 2331 963 2416 vitium
976 2332 1022 2412 in
1035 2357 1194 2440 pectore

147 2481 450 2592 deprehensum
467 2495 538 2558 est.

576 2801 683 2884 Cre.
713 2803 778 2880 lu.

455 2985 524 3066 De
544 2987 581 3068 Α
589 2987 718 3068 urium
740 2983 907 3067 Morbis.

211 3175 454 3270 Fueouuus
481 3197 703 3278 puerorum
726 3171 877 3252 vitium
895 3193 967 3272 est,
995 3169 1203 3252 interdum

154 3339 326 3422 quoque
345 3309 595 3409 adultorum,
614 3309 668 3388 'in
688 3337 772 3416 quo
792 3309 943 3390 humor
958 3307 1054 3390 mali
1069 3309 1203 3392 odoris

153 3471 251 3559 post
277 3475 391 3528 aures
415 3447 509 3546 exit,
544 3447 654 3528 unde
675 3469 836 3528 tument
855 3447 1042 3528 auriculae
1061 3469 1102 3529 et
1121 3449 1207 3530 loca

155 3585 309 3685 vicina,
336 3605 377 3666 et
394 3583 570 3665 cuticula
589 3584 633 3664 in
652 3583 831 3666 furfures
851 3583 1026 3672 decedit.¹
1079 3583 1209 3698 Quod

155 3725 189 3806 ei
205 3723 364 3803 humor
376 3721 505 3802 acrior
519 3719 657 3822 fuerit,
687 3722 790 3804 cutis
811 3722 930 3803 altius
945 3723 1207 3802 exulceratur.

154 3860 286 3942 Auris
306 3857 429 3940 etiam
455 3857 566 3940 intus
589 3859 697 3940 malo
717 3859 840 3940 simili
858 3860 1068 3940 interdum
1087 3857 1210 3943 affici·

155 4021 243 4098 tur,
272 4023 322 4076 ex
341 4022 426 4103 quo
446 4021 549 4102 aeger
564 3995 612 4078 fit
639 3997 852 4078 surdaster.
912 3999 1212 4080 Medicamenta
1246 3977 1249 3988 ⁴

158 4133 404 4218 exsiccantia
434 4135 679 4214 extrinsecus
713 4134 903 4242 imposita
932 4155 1092 4235 nocent,
1124 4159 1213 4213 ver-

159 4273 292 4356 tendo
319 4271 538 4352 humorem
561 4271 606 4351 in
638 4294 766 4378 partes
799 4271 1018 4354 interiores.
1091 4271 1214 4352 Nulla

151 4383 242 4492 'alia
255 4407 466 4494 miratione
481 4437 583 4517 opus
602 4431 675 4509 est,
699 4409 779 4490 nisi
793 4431 841 4493 ut
854 4411 941 4492 loca
956 4407 1095 4491 affecta
1115 4435 1216 4516 saepe

334 4550 364 4627 3
432 4573 437 4582 ,
1181 4575 1183 4578 ,
