3104 5084
201 620 275 732 qui
294 645 477 702 sermone
503 639 681 702 utuntur
698 621 762 704 vei
793 619 871 704 sibi
889 647 1036 729 parum
1061 617 1240 725 cognito,
1263 720 1267 727 Ι

201 761 265 840 vel
293 757 409 866 cujus
441 758 562 864 longa
590 756 855 840 desuetudine
882 757 966 840 fere
985 755 1103 838 obliti
1130 778 1237 838 sunt.

160 972 166 984 ,
201 896 366 982 Juvenis
382 893 510 1003 capite
527 893 703 1000 graviter
715 895 853 976 colliso
869 893 1027 1002 aliquot
1038 893 1121 974 dies
1137 914 1240 974 atto·

201 1031 312 1117 nitus
324 1029 479 1138 jacuit3
507 1031 674 1114 tandem
692 1031 923 1139 resipiscens
939 1029 1240 1112 omnemetiam

194 1169 422 1254 uernaculae
455 1196 537 1250 suae
571 1168 732 1275 linguae'
759 1167 1002 1250 memoriam
1040 1165 1240 1266 amiserat,
1290 1275 1294 1283 ι

197 1333 328 1415 quam
346 1333 462 1412 segre,
475 1327 515 1388 et
530 1303 692 1406 sensim,
709 1305 861 1386 iterum
873 1303 1078 1421 discebam
1105 1303 1240 1385 forma

198 1441 919 1550 tantummodoliterarum,aquibus
932 1469 1083 1522 nomen
1094 1462 1135 1522 et
1145 1467 1240 1546 cog-

197 1605 351 1663 nomen
370 1605 494 1660 suum
512 1577 763 1686 inceperunt,
790 1579 835 1660 in
854 1578 993 1660 animo
1012 1599 1238 1677 manserat;

199 1717 452 1825 reliquarum
474 1715 588 1798 notio
607 1715 707 1798 adeo
726 1715 886 1824 penitus
905 1743 1069 1798 excussa
1095 1713 1242 1814 fluerat,

199 1877 248 1938 ut
266 1855 315 1936 iis
335 1853 513 1962 legendis
540 1875 581 1936 et
600 1855 821 1941 scribendis
840 1881 926 1936 non
945 1883 1056 1936 secus
1075 1879 1240 1962 operam

198 1993 329 2094 daret,
355 2020 401 2076 ac
420 1991 454 2074 si
472 2021 536 2076 eas
556 2015 673 2076 antea
690 2019 854 2100 prorsus
873 1991 1086 2076 nesciisset.

255 2129 429 2212 Brachio
448 2131 626 2212 resoluto
641 2129 851 2214 interdum
862 2151 948 2212 tam
966 2129 1099 2238 gravis
1125 2129 1242 2210 dolor

195 2265 281 2352 fuit
294 2266 339 2348 in
351 2250 523 2350 humero
537 2267 717 2376 ejusdem
728 2267 873 2368 lateris,
890 2289 939 2350 ut
953 2267 1067 2376 aegris
1079 2293 1242 2375 persua-

198 2403 288 2488 deri
306 2402 375 2484 vin
402 2427 535 2512 posset
554 2404 658 2514 quin
677 2431 721 2486 oe
744 2427 815 2488 aut
832 2401 1011 2486 fractum
1029 2425 1142 2506 esset,
1170 2423 1242 2484 aut

196 2541 418 2626 excidisset.
494 2543 624 2626 Alvus
661 2542 977 2651 paralyticorum
1014 2541 1113 2622 solet
1159 2567 1242 2624 esse

197 2679 424 2778 astrictior3
452 2677 572 2765 urina
591 2700 728 2762 autem
742 2679 860 2760 solito
879 2677 1078 2788 copiosius
1097 2677 1238 2759 fertur.

198 2816 343 2902 Incisis
372 2817 636 2926 quorundam
663 2805 1049 2924 bemiplegiacorum
1076 2814 1242 2895 cadave-

199 2957 331 3064 ribus,
357 2952 604 3061 deprehendi
622 2951 748 3034 modo
775 2973 931 3059 partem
949 2951 1061 3034 illam
1088 2949 1242 3032 cerebri

166 3107 169 3116 '
199 3121 294 3204 qua
309 3091 576 3202 respondebat
585 3091 699 3174 lateri
712 3087 867 3194 affecto,
879 3091 1003 3172 modo
1014 3087 1242 3196 oppositam

198 3253 372 3344 partem,
394 3231 436 3312 vi
455 3230 604 3338 aliqua,
631 3229 696 3310 vel
713 3229 861 3310 morbo
879 3227 1073 3310 vitiatam.

140 3395 144 3406 ’
257 3371 308 3450 In
334 3369 384 3452 iis
415 3367 489 3476 qui
507 3387 726 3474 assurgunt
750 3392 799 3446 ex
823 3363 1077 3472 hemiplegia,
1104 3381 1255 3442 mones*

199 3507 331 3594 cruris
346 3506 587 3614 plerumque
599 3523 855 3610 recuperatur
867 3502 993 3608 prius,
1008 3525 1135 3608 quam
1150 3497 1242 3580 bra-

199 3644 302 3728 chii:
331 3643 410 3726 hoc
425 3665 561 3724 tamen
579 3660 739 3722 nonest
757 3661 1010 3747 perpetuum.
1068 3636 1240 3742 Linguae

199 3779 342 3868 leviter
357 3781 538 3862 resolutae
551 3804 689 3862 sensus
703 3777 812 3858 idem
826 3774 920 3876 fuit,
934 3802 980 3855 ac
995 3773 1029 3855 si
1043 3801 1150 3880 aqua
1164 3773 1243 3852 fer·-

94 3897 99 3906 ’
201 3939 323 4000 vente
341 3915 504 4025 perfusa
517 3937 628 3997 esset.
685 3903 908 4020 Apoplexia
921 3937 1012 3992 raro
1026 3909 1243 3990 discutitur

203 4035 531 4154 imernalium
551 4051 788 4132 membrum
807 4049 1062 4156 relinquatur
1087 4047 1244 4153 paraly-

202 4189 361 4281 ticum.¹
404 4189 539 4272 Prima
568 4187 737 4270 accessio
770 4169 1000 4298 apoplexia,
1027 4204 1099 4266 aut
1131 4211 1245 4290 para-

201 4327 347 4444 lyseos,
380 4353 471 4416 raro
507 4347 567 4432 est
594 4322 815 4422 mortifera·
876 4305 1091 4438 Quisquis
1108 4341 1244 4410 autem
