3104 5084
801 453 904 548 958

331 659 650 742 mortho‘idibus.
700 661 907 742 Postremo
919 639 1039 742 crura
1050 655 1378 763 inflammationi,

331 798 499 878 etmalis
512 796 716 880 ulceribus
732 819 1081 903 opportunasunt.
1110 799 1290 884 Minime
1303 801 1379 882 mi·

332 961 428 1016 rum
443 956 502 1016 est
516 935 733 1016 nonnullas
748 955 811 1015 tot
828 936 1032 1044 tantisque
1048 936 1218 1020 miseriis
1232 936 1378 1022 fractas
1480 959 1481 965 ‘

331 1073 615 1156 succumbere:
645 1095 912 1154 veruntamen
927 1074 1027 1174 alise,
1045 1097 1265 1182 postquam
1281 1103 1379 1182 pau·

330 1239 398 1292 cos
413 1237 540 1294 annos
554 1239 653 1292 cum
667 1209 851 1317 pessimis
865 1239 916 1294 ex
928 1210 993 1292 his
1007 1211 1125 1294 malis
1137 1209 1379 1296 conflictata

330 1348 426 1449 sint,
437 1346 605 1430 feliciter
617 1370 986 1448 assurrexemnnet
999 1349 1044 1430 in
1058 1349 1261 1456 integram
1273 1350 1379 1432 saui-

332 1508 457 1568 tatem
468 1486 662 1567 restitutas
672 1506 781 1566 sunt.
823 1486 945 1599 Quae,
955 1488 1173 1569 menstruis
1186 1487 1231 1570 in
1241 1515 1380 1596 perpe·

283 1716 285 1722 ,
332 1646 455 1704 tuum
475 1621 615 1724 finitis,
642 1644 714 1704 aut
741 1622 877 1704 liberte
897 1622 1067 1706 fuerunt
1095 1625 1147 1708 ab
1166 1623 1230 1706 his
1249 1626 1380 1728 malis,

331 1784 403 1844 aut
421 1791 467 1844 ea
485 1783 742 1868 superarunt,
768 1761 905 1844 nescio
924 1789 977 1842 an
995 1790 1085 1844 non
1103 1763 1377 1848 valetudinem

331 1898 557 1990 firmiorem
576 1899 766 1998 habeant,
781 1921 821 1980 et
839 1898 995 1980 diutius
1016 1901 1231 2008 supersint,
1251 1927 1376 2009 quam

307 2065 312 2080 ·
332 2037 424 2136 viri,
452 2037 527 2143 qui
546 2033 729 2142 ejusdem
748 2058 846 2117 sunt
861 2036 997 2118 atatis.

389 2177 610 2280 Postquam
628 2195 839 2254 menstrua
857 2195 1039 2280 tempore
1058 2195 1253 2258 consueto
1271 2171 1376 2256 defe-

333 2309 474 2410 cerint,
502 2331 542 2390 et
560 2337 630 2416 per
649 2310 806 2417 aliquot
824 2339 951 2392 annos
972 2309 1240 2413 substiterint,
1268 2310 1375 2393 exin·

334 2469 490 2554 sperato
510 2447 710 2556 quasdam
728 2447 921 2530 foeminas
942 2449 1168 2532 reviserunt
1186 2449 1376 2556 sexagesi-

334 2614 418 2685 mo,
461 2585 770 2692 septuagesimo,
807 2610 929 2693 atque
967 2586 1090 2668 etiam
1132 2571 1393 2692 octogesimo

334 2751 464 2823 ann03
494 2724 709 2822 nimirum,
723 2723 1140 2847 ubi'conquievissent
1154 2723 1303 2830 viginti
1317 2725 1378 2806 vel

232 2875 235 2882 ’
336 2859 503 2970 triginta
513 2880 653 2941 annos.
685 2860 899 2940 Interdum
911 2889 1077 2968 quoque
1085 2860 1256 2967 singulis
1266 2887 1377 2942 men·

333 2995 446 3078 sibus
460 2997 743 3104 repetiverunt
774 2987 1017 3105 Plerumque
1027 3025 1123 3078 vero
1135 2997 1221 3080 haec
1233 2997 1380 3080 intem*

334 3135 487 3241 pestiva
513 3132 715 3240 profluvia
740 3162 873 3242 neque
897 3135 1080 3218 ordinate
1108 3155 1378 3231 revertuntur,

256 3295 262 3308 ·
335 3297 468 3376 neque
488 3273 662 3352 modum
681 3271 815 3352 ullum
834 3295 1006 3372 servent,
1025 3295 1064 3354 et
1077 3297 1377 3380 nonnunquam

336 3434 434 3488 curn
443 3405 647 3512 profluvio
659 3409 751 3488 albo
764 3409 1019 3516 contingunt.
1050 3387 1221 3493 Uterina
1233 3437 1379 3516 purga·

336 3544 394 3626 tio
414 3565 557 3652 praeter
576 3567 727 3626 sortem
753 3569 919 3630 senectae
940 3546 1190 3654 postliminio
1209 3545 1381 3645 rediens,

336 3681 607 3788 perseveravit¹
631 3705 784 3789 septem
809 3659 952 3785 aunos,
981 3685 1150 3790 integra,
1178 3706 1226 3766 ut
1244 3683 1380 3766 visum

221 3837 225 3846 ‘
335 3837 408 3918 est,
416 3813 659 3902 ualetudine.
690 3823 849 3904 Verum
857 3827 946 3902 non'
954 3849 1045 3902 raro
1057 3820 1224 3904 initium
1234 3818 1381 3904 habuit

243 3953 249 3966 ’
269 3952 274 3971 ’
336 3957 388 4038 ab
408 3956 534 4063 ipsius
553 3959 660 4038 uteri
679 3959 791 4040 vitio.
849 3960 893 4040 Si
917 3958 1157 4066 hujusmodi
1176 3955 1380 4064 profluvio

336 4093 526 4180 accedant
541 4096 697 4178 dolores
712 4097 974 4204 gravescirca
989 4125 1033 4178 os
1048 4094 1184 4204 pubis,
1197 4121 1330 4196 coxas,
1341 4115 1380 4186 et
1515 4161 1516 4192 1

336 4233 521 4336 lumbos,
549 4233 652 4320 etin
677 4235 763 4346 ejus
788 4235 1102 4338 decessionibus,
1128 4233 1226 4320 meli
1246 4231 1382 4323 odoris
