2990 5078
159 687 273 769 sape,
301 659 371 742 sed
401 685 486 742 non
505 685 674 766 semper,
701 657 881 740 vomitus
909 679 980 742 est.
1036 659 1198 768 Torpor

68 905 69 908 Ν
157 795 338 896 semoris,
366 781 429 876 vel
448 797 589 895 crutis,
607 795 723 876 dolor
741 792 999 884 inflectendo
1019 821 1199 900 corpote,

159 935 367 1016 testiculus
405 959 569 1014 sursum
602 953 765 1029 tractus,
793 952 833 1013 et
868 933 985 1012 dolor
1012 954 1198 1016 extrema

157 1069 347 1170 ursthnae,
366 1067 498 1150 adhuc
517 1067 654 1150 minus
671 1090 777 1150 certa
796 1091 892 1150 suut
905 1068 1087 1176 ejusdem
1101 1065 1199 1151 mali

158 1208 287 1314 signas

211 1345 311 1423 Non
325 1363 494 1440 constat,
522 1341 632 1424 unde
649 1339 719 1422 fiat
737 1365 786 1424 ut
799 1342 973 1424 calculus
991 1369 1137 1424 renum
1152 1339 1198 1428 in
1306 1371 1310 1380 ’

155 1479 244 1562 aliis
264 1502 350 1560 tarn
367 1501 517 1560 atroces
546 1479 705 1560 dolores
722 1501 894 1596 moveat,
922 1480 1025 1560 dum
1045 1478 1090 1558 in
1109 1477 1196 1558 aliis

157 1615 652 1698 renssmateriacalculosa
660 1613 1198 1702 referciantursineminimo
1321 1595 1324 1605 ⁴

154 1751 311 1832 doloris
330 1779 461 1832 sensu.
520 1752 663 1851 Facies,
691 1773 731 1832 et
749 1753 847 1832 situs
876 1749 1032 1850 calculi,
1057 1749 1199 1830 videns

157 1911 229 1969 tur
237 1915 322 1968 esse
334 1889 542 1994 praecipuae
551 1887 673 1994 hujus
684 1887 929 1968 discriminis
942 1914 1086 1985 causae3
1106 1908 1199 1974 tum

157 2051 332 2132 quoque
351 2024 395 2103 in
408 2024 613 2104 nonnullis
628 2023 866 2104 hominibus
886 2051 1023 2104 sensus
1043 2023 1198 2105 acutior

157 2161 226 2243 his
242 2161 427 2268 partibus
442 2162 567 2242 inest:
597 2161 769 2266 cognovi
788 2161 898 2240 enim
911 2187 1035 2266 aegros
1054 2157 1201 2266 quidi·
1222 2258 1226 2270 Ι

159 2298 308 2380 stincte
323 2299 570 2404 perciperent
582 2319 716 2378 totum
728 2296 868 2376 calculi
881 2296 1117 2378 descensum
1130 2321 1200 2404 pet

160 2437 365 2518 uretere'm
383 2463 407 2514 a
425 2461 518 2514 rene
537 2461 667 2539 usque
696 2434 747 2512 ad
767 2415 939 2516 vesicam
955 2467 967 2532 ς
997 2433 1111 2538 cujus
1131 2429 1215 2514 alii

162 2599 215 2656 ne
235 2571 456 2652 minimam
474 2569 920 2674 habeutcognitionem.
980 2570 1040 2650 Hi
1059 2567 1201 2651 calculi

161 2707 209 2792 in
228 2707 422 2789 descensu
434 2735 508 2786 suo
521 2707 571 2788 ad
583 2705 752 2787 vesicam
768 2733 874 2812 saepe
889 2732 1020 2787 moras
1032 2703 1202 2806 faciunt,

163 2865 203 2948 et
215 2845 261 2924 in
276 2843 324 2924 iis
338 2843 434 2927 locis
449 2867 648 2923 ureterem
660 2842 841 2940 dilatant,
857 2841 970 2948 quod
984 2839 1202 2924 didicimus

163 3009 214 3064 ex
234 2979 369 3062 incisis
389 2981 683 3062 calculosorum
702 2978 975 3059 cadaveribus.
1123 3063 1128 3086 ,λ

222 3112 338 3198 Dum
358 3115 420 3196 vel
434 3143 545 3195 renes
563 3114 652 3220 ipsi,
670 3115 734 3194 vel
748 3136 877 3220 partes
891 3113 1037 3196 vicinae
1050 3111 1203 3210 dolent,

165 3252 349 3338 multum
367 3253 478 3334 muci
498 3253 694 3359 gignitur,
724 3251 796 3358 qui
817 3252 937 3332 simul
958 3277 1055 3332 cum
1084 3247 1203 3332 urina

166 3387 350 3472 redditus
378 3389 597 3472 nonnullos
631 3409 750 3468 terret
770 3413 875 3468 vano
906 3407 1020 3469 metu
1047 3382 1202 3470 ulceris.
1307 3431 1309 3443 -

166 3525 349 3630 Impetus
373 3525 523 3606 doloris
550 3523 750 3624 calculosi,
779 3523 892 3628 quod
915 3545 1005 3628 post
1029 3543 1206 3610 mortem

166 3661 434 3743 manifestum
447 3661 541 3762 fuit,
555 3661 685 3744 levem
697 3657 839 3740 inflam
844 3661 1063 3742 mationem
1077 3677 1205 3764 potest

167 3799 352 3898 excitare,
371 3827 476 3906 quae,
495 3825 736 3905 quanquam
755 3798 916 3908 nullum
936 3796 987 3878 sit
1004 3798 1133 3894 ulcus,
1146 3794 1207 3881 fas
1335 3887 1341 3894 ,

170 3935 249 4017 ciat
277 3935 496 4016 humorem
525 3937 792 4042 purulentum
822 3935 1031 4016 acavitate
1060 3957 1207 4026 renum

170 4072 375 4170 exsudare,
405 4071 481 4179 qui
493 4071 620 4176 specie
632 4071 823 4152 cremoris
839 4071 1049 4152 subsidens
1065 4068 1109 4146 in
1123 4065 1209 4146 uri-

172 4234 239 4302 na,
267 4209 403 4288 multo
423 4209 588 4316 propius
618 4235 694 4314 pus
725 4205 857 4288 refert.
915 4208 1043 4288 Ulcus
1071 4223 1209 4290 autem

174 4366 308 4438 revera
317 4344 481 4446 subesse
492 4345 704 4426 ostendent
714 4343 826 4452 puris
839 4343 966 4452 copia,
976 4364 1016 4424 et
1025 4337 1208 4425 assiduus
