<?xml version="1.0" encoding="UTF-8"?>
<!DOCTYPE html PUBLIC "-//W3C//DTD XHTML 1.0 Transitional//EN"
    "http://www.w3.org/TR/xhtml1/DTD/xhtml1-transitional.dtd">
<html xmlns="http://www.w3.org/1999/xhtml" xml:lang="en" lang="en">
 <head>
  <title>
</title>
<meta http-equiv="Content-Type" content="text/html;charset=utf-8" />
  <meta name='ocr-system' content='tesseract 3.04.00' />
  <meta name='ocr-capabilities' content='ocr_page ocr_carea ocr_par ocr_line ocrx_word'/>
</head>
<body>
  <div class='ocr_page' id='page_1' title='image "./commentariidemo00hebegoog_0040.png"; bbox 0 0 3016 5076; ppageno 0'>
   <div class='ocr_carea' id='block_1_1' title="bbox 632 503 717 645">
    <p class='ocr_par' dir='ltr' id='par_1_1' title="bbox 632 503 717 645">
     <span class='ocr_line' id='line_1_1' title="bbox 632 503 717 645; baseline -0.012 0"><span class='ocrx_word' id='word_1_1' title='bbox 632 503 717 645; x_wconf 79' lang='lat' dir='ltr'><strong>er</strong></span> 
     </span>
    </p>
   </div>
   <div class='ocr_carea' id='block_1_2' title="bbox 478 843 877 954">
    <p class='ocr_par' dir='ltr' id='par_1_2' title="bbox 478 843 877 954">
     <span class='ocr_line' id='line_1_2' title="bbox 478 843 877 954; baseline -0.008 -26"><span class='ocrx_word' id='word_1_2' title='bbox 478 843 568 952; x_wconf 57' lang='lat' dir='ltr'><strong>ii.</strong></span> <span class='ocrx_word' id='word_1_3' title='bbox 607 845 877 954; x_wconf 78' lang='lat' dir='ltr'><strong>DcAngina.</strong></span> 
     </span>
    </p>
   </div>
   <div class='ocr_carea' id='block_1_3' title="bbox 155 1029 1301 1686">
    <p class='ocr_par' dir='ltr' id='par_1_3' title="bbox 155 1029 1301 1686">
     <span class='ocr_line' id='line_1_3' title="bbox 213 1029 1301 1140; baseline 0.004 -28"><span class='ocrx_word' id='word_1_4' title='bbox 213 1032 266 1112; x_wconf 79' lang='lat' dir='ltr'><strong>In</strong></span> <span class='ocrx_word' id='word_1_5' title='bbox 293 1029 408 1113; x_wconf 82' lang='lat' dir='ltr'>febre</span> <span class='ocrx_word' id='word_1_6' title='bbox 442 1059 534 1139; x_wconf 86' lang='lat' dir='ltr'><strong>quae</strong></span> <span class='ocrx_word' id='word_1_7' title='bbox 563 1029 689 1112; x_wconf 92' lang='lat' dir='ltr'><strong>modo</strong></span> <span class='ocrx_word' id='word_1_8' title='bbox 718 1030 916 1136; x_wconf 85' lang='lat' dir='ltr'><strong>descripta</strong></span> <span class='ocrx_word' id='word_1_9' title='bbox 948 1051 1019 1132; x_wconf 86' lang='lat' dir='ltr'><strong>est,</strong></span> <span class='ocrx_word' id='word_1_10' title='bbox 1059 1033 1204 1140; x_wconf 89' lang='lat' dir='ltr'><strong>aliquis</strong></span> <span class='ocrx_word' id='word_1_11' title='bbox 1296 1039 1301 1050; x_wconf 88' lang='lat'>&#39;</span> 
     </span>
     <span class='ocr_line' id='line_1_4' title="bbox 157 1168 1203 1278; baseline 0.004 -30"><span class='ocrx_word' id='word_1_12' title='bbox 157 1195 313 1278; x_wconf 90' lang='lat' dir='ltr'><strong>semper</strong></span> <span class='ocrx_word' id='word_1_13' title='bbox 331 1189 391 1250; x_wconf 86' lang='lat' dir='ltr'><strong>est</strong></span> <span class='ocrx_word' id='word_1_14' title='bbox 408 1169 511 1255; x_wconf 88' lang='lat' dir='ltr'><strong>cutis</strong></span> <span class='ocrx_word' id='word_1_15' title='bbox 532 1168 672 1268; x_wconf 91' lang='lat' dir='ltr'><strong>rubor,</strong></span> <span class='ocrx_word' id='word_1_16' title='bbox 700 1190 740 1249; x_wconf 91' lang='lat' dir='ltr'><strong>et</strong></span> <span class='ocrx_word' id='word_1_17' title='bbox 757 1169 1000 1275; x_wconf 90' lang='lat' dir='ltr'><strong>plerumque</strong></span> <span class='ocrx_word' id='word_1_18' title='bbox 1025 1174 1203 1264; x_wconf 86' lang='lat' dir='ltr'><strong>nonnul-</strong></span> 
     </span>
     <span class='ocr_line' id='line_1_5' title="bbox 155 1303 1201 1418; baseline 0.004 -34"><span class='ocrx_word' id='word_1_19' title='bbox 155 1304 232 1406; x_wconf 88' lang='lat' dir='ltr'><strong>lus,</strong></span> <span class='ocrx_word' id='word_1_20' title='bbox 259 1305 329 1388; x_wconf 89' lang='lat' dir='ltr'><strong>sed</strong></span> <span class='ocrx_word' id='word_1_21' title='bbox 340 1305 536 1388; x_wconf 85' lang='lat' dir='ltr'><strong>obscurus</strong></span> <span class='ocrx_word' id='word_1_22' title='bbox 548 1304 733 1388; x_wconf 85' lang='lat' dir='ltr'><strong>faucium</strong></span> <span class='ocrx_word' id='word_1_23' title='bbox 747 1303 874 1386; x_wconf 90' lang='lat' dir='ltr'><strong>dolor.</strong></span> <span class='ocrx_word' id='word_1_24' title='bbox 925 1305 1052 1418; x_wconf 81' lang='lat' dir='ltr'><strong>Quod</strong></span> <span class='ocrx_word' id='word_1_25' title='bbox 1067 1307 1100 1388; x_wconf 92' lang='lat' dir='ltr'><strong>si</strong></span> <span class='ocrx_word' id='word_1_26' title='bbox 1112 1305 1201 1388; x_wconf 90' lang='lat' dir='ltr'><strong>fau-</strong></span> 
     </span>
     <span class='ocr_line' id='line_1_6' title="bbox 156 1441 1202 1548; baseline 0.004 -27"><span class='ocrx_word' id='word_1_27' title='bbox 156 1467 218 1522; x_wconf 89' lang='lat' dir='ltr'><strong>ces</strong></span> <span class='ocrx_word' id='word_1_28' title='bbox 237 1442 392 1548; x_wconf 81' lang='lat' dir='ltr'>exiguis</span> <span class='ocrx_word' id='word_1_29' title='bbox 412 1441 617 1524; x_wconf 85' lang='lat' dir='ltr'><strong>ulceribus</strong></span> <span class='ocrx_word' id='word_1_30' title='bbox 644 1441 817 1524; x_wconf 82' lang='lat' dir='ltr'><strong>obsessoe</strong></span> <span class='ocrx_word' id='word_1_31' title='bbox 837 1441 959 1548; x_wconf 89' lang='lat' dir='ltr'><strong>paulo</strong></span> <span class='ocrx_word' id='word_1_32' title='bbox 987 1441 1202 1530; x_wconf 82' lang='lat' dir='ltr'><strong>vehemen-</strong></span> 
     </span>
     <span class='ocr_line' id='line_1_7' title="bbox 155 1577 1200 1686; baseline 0 -26"><span class='ocrx_word' id='word_1_33' title='bbox 155 1577 235 1660; x_wconf 90' lang='lat' dir='ltr'><strong>tius</strong></span> <span class='ocrx_word' id='word_1_34' title='bbox 248 1579 466 1682; x_wconf 89' lang='lat' dir='ltr'>doluerint,</span> <span class='ocrx_word' id='word_1_35' title='bbox 484 1603 590 1678; x_wconf 87' lang='lat' dir='ltr'><strong>tum,</strong></span> <span class='ocrx_word' id='word_1_36' title='bbox 609 1601 821 1686; x_wconf 89' lang='lat' dir='ltr'><strong>utcunque</strong></span> <span class='ocrx_word' id='word_1_37' title='bbox 833 1579 936 1660; x_wconf 90' lang='lat' dir='ltr'><strong>cutis</strong></span> <span class='ocrx_word' id='word_1_38' title='bbox 950 1580 1124 1678; x_wconf 86' lang='lat' dir='ltr'><strong>colorata</strong></span> <span class='ocrx_word' id='word_1_39' title='bbox 1136 1580 1200 1679; x_wconf 79' lang='lat' dir='ltr'><strong>sit,</strong></span> 
     </span>
    </p>
   </div>
   <div class='ocr_carea' id='block_1_4' title="bbox 20 1714 1200 1818">
    <p class='ocr_par' dir='ltr' id='par_1_4' title="bbox 20 1714 1200 1818">
     <span class='ocr_line' id='line_1_8' title="bbox 20 1714 1200 1818; baseline 0 -22"><span class='ocrx_word' id='word_1_40' title='bbox 20 1763 23 1770; x_wconf 95' lang='lat'><em>·</em></span> <span class='ocrx_word' id='word_1_41' title='bbox 152 1716 325 1798; x_wconf 82' lang='lat' dir='ltr'>morbus</span> <span class='ocrx_word' id='word_1_42' title='bbox 348 1745 434 1800; x_wconf 92' lang='lat' dir='ltr'><strong>non</strong></span> <span class='ocrx_word' id='word_1_43' title='bbox 457 1717 609 1800; x_wconf 83' lang='lat' dir='ltr'><strong>abhoc</strong></span> <span class='ocrx_word' id='word_1_44' title='bbox 635 1718 779 1818; x_wconf 90' lang='lat' dir='ltr'><strong>colore,</strong></span> <span class='ocrx_word' id='word_1_45' title='bbox 807 1714 878 1798; x_wconf 92' lang='lat' dir='ltr'><strong>sed</strong></span> <span class='ocrx_word' id='word_1_46' title='bbox 896 1745 919 1796; x_wconf 94' lang='lat' dir='ltr'><strong>a</strong></span> <span class='ocrx_word' id='word_1_47' title='bbox 937 1715 1121 1799; x_wconf 89' lang='lat' dir='ltr'><strong>faucium</strong></span> <span class='ocrx_word' id='word_1_48' title='bbox 1140 1717 1200 1798; x_wconf 87' lang='lat' dir='ltr'><strong>af-</strong></span> 
     </span>
    </p>
   </div>
   <div class='ocr_carea' id='block_1_5' title="bbox 148 1841 1306 4444">
    <p class='ocr_par' dir='ltr' id='par_1_5' title="bbox 148 1841 1198 2510">
     <span class='ocr_line' id='line_1_9' title="bbox 153 1841 1198 1970; baseline 0 -36"><span class='ocrx_word' id='word_1_49' title='bbox 153 1841 439 1942; x_wconf 41' lang='lat' dir='ltr'><strong>fectu‘nomen</strong></span> <span class='ocrx_word' id='word_1_50' title='bbox 464 1853 600 1956; x_wconf 84' lang='lat' dir='ltr'><strong>hebet,</strong></span> <span class='ocrx_word' id='word_1_51' title='bbox 633 1876 673 1938; x_wconf 90' lang='lat' dir='ltr'><strong>et</strong></span> <span class='ocrx_word' id='word_1_52' title='bbox 696 1852 846 1970; x_wconf 84' lang='lat' dir='ltr'><strong>angina</strong></span> <span class='ocrx_word' id='word_1_53' title='bbox 867 1855 1046 1960; x_wconf 87' lang='lat' dir='ltr'><strong>maligna</strong></span> <span class='ocrx_word' id='word_1_54' title='bbox 1075 1855 1198 1962; x_wconf 87' lang='lat' dir='ltr'><strong>vulgo</strong></span> 
     </span>
     <span class='ocr_line' id='line_1_10' title="bbox 153 1983 1198 2106; baseline 0.001 -36"><span class='ocrx_word' id='word_1_55' title='bbox 153 1989 314 2072; x_wconf 87' lang='lat' dir='ltr'><strong>dicitur.</strong></span> <span class='ocrx_word' id='word_1_56' title='bbox 375 1992 616 2106; x_wconf 82' lang='lat' dir='ltr'><strong>Quinetiam</strong></span> <span class='ocrx_word' id='word_1_57' title='bbox 631 1991 752 2072; x_wconf 87' lang='lat' dir='ltr'><strong>multi</strong></span> <span class='ocrx_word' id='word_1_58' title='bbox 767 1989 999 2074; x_wconf 88' lang='lat' dir='ltr'><strong>existimant</strong></span> <span class='ocrx_word' id='word_1_59' title='bbox 1013 2019 1110 2072; x_wconf 89' lang='lat' dir='ltr'><strong>cum</strong></span> <span class='ocrx_word' id='word_1_60' title='bbox 1124 1983 1198 2072; x_wconf 80' lang='lat' dir='ltr'><strong>¹rio-</strong></span> 
     </span>
     <span class='ocr_line' id='line_1_11' title="bbox 148 2127 1197 2240; baseline 0.007 -37"><span class='ocrx_word' id='word_1_61' title='bbox 148 2127 264 2209; x_wconf 85' lang='lat' dir='ltr'><strong>minc</strong></span> <span class='ocrx_word' id='word_1_62' title='bbox 283 2139 655 2238; x_wconf 81' lang='lat' dir='ltr'><strong>naturamquoque</strong></span> <span class='ocrx_word' id='word_1_63' title='bbox 666 2127 792 2210; x_wconf 86' lang='lat' dir='ltr'><strong>febris</strong></span> <span class='ocrx_word' id='word_1_64' title='bbox 808 2127 970 2212; x_wconf 87' lang='lat' dir='ltr'><strong>mutari.</strong></span> <span class='ocrx_word' id='word_1_65' title='bbox 1031 2129 1129 2240; x_wconf 82' lang='lat' dir='ltr'><strong>Qua</strong></span> <span class='ocrx_word' id='word_1_66' title='bbox 1147 2128 1197 2210; x_wconf 93' lang='lat' dir='ltr'><strong>de</strong></span> 
     </span>
     <span class='ocr_line' id='line_1_12' title="bbox 154 2265 1197 2374; baseline 0.001 -28"><span class='ocrx_word' id='word_1_67' title='bbox 154 2289 196 2346; x_wconf 90' lang='lat' dir='ltr'><strong>re</strong></span> <span class='ocrx_word' id='word_1_68' title='bbox 216 2265 375 2372; x_wconf 88' lang='lat' dir='ltr'><strong>judicet</strong></span> <span class='ocrx_word' id='word_1_69' title='bbox 402 2268 539 2368; x_wconf 86' lang='lat' dir='ltr'><strong>lector,</strong></span> <span class='ocrx_word' id='word_1_70' title='bbox 571 2288 791 2374; x_wconf 81' lang='lat' dir='ltr'><strong>postquam</strong></span> <span class='ocrx_word' id='word_1_71' title='bbox 818 2265 955 2350; x_wconf 89' lang='lat' dir='ltr'><strong>morbi</strong></span> <span class='ocrx_word' id='word_1_72' title='bbox 982 2265 1197 2372; x_wconf 85' lang='lat' dir='ltr'><strong>utriusque</strong></span> 
     </span>
     <span class='ocr_line' id='line_1_13' title="bbox 154 2399 937 2510; baseline 0.001 -26"><span class='ocrx_word' id='word_1_73' title='bbox 154 2399 338 2484; x_wconf 76' lang='lat' dir='ltr'><strong>historias</strong></span> <span class='ocrx_word' id='word_1_74' title='bbox 358 2431 496 2486; x_wconf 86' lang='lat' dir='ltr'><strong>secum</strong></span> <span class='ocrx_word' id='word_1_75' title='bbox 515 2403 653 2484; x_wconf 90' lang='lat' dir='ltr'><strong>animo</strong></span> <span class='ocrx_word' id='word_1_76' title='bbox 673 2403 937 2510; x_wconf 87' lang='lat' dir='ltr'><strong>perpenderit.</strong></span> 
     </span>
    </p>

    <p class='ocr_par' dir='ltr' id='par_1_6' title="bbox 149 2539 1306 4148">
     <span class='ocr_line' id='line_1_14' title="bbox 207 2539 1196 2650; baseline 0.001 -29"><span class='ocrx_word' id='word_1_77' title='bbox 207 2539 324 2648; x_wconf 79' lang='lat' dir='ltr'><strong>Saepe</strong></span> <span class='ocrx_word' id='word_1_78' title='bbox 337 2539 530 2650; x_wconf 87' lang='lat' dir='ltr'><strong>equidem</strong></span> <span class='ocrx_word' id='word_1_79' title='bbox 545 2540 745 2641; x_wconf 83' lang='lat' dir='ltr'><strong>dubitavi,</strong></span> <span class='ocrx_word' id='word_1_80' title='bbox 773 2539 951 2626; x_wconf 87' lang='lat' dir='ltr'><strong>febrisne</strong></span> <span class='ocrx_word' id='word_1_81' title='bbox 965 2539 1010 2622; x_wconf 93' lang='lat' dir='ltr'><strong>in</strong></span> <span class='ocrx_word' id='word_1_82' title='bbox 1025 2539 1196 2648; x_wconf 88' lang='lat' dir='ltr'><strong>quibus·</strong></span> 
     </span>
     <span class='ocr_line' id='line_1_15' title="bbox 154 2675 1197 2778; baseline 0.002 -22"><span class='ocrx_word' id='word_1_83' title='bbox 154 2675 249 2757; x_wconf 86' lang='lat' dir='ltr'><strong>dam</strong></span> <span class='ocrx_word' id='word_1_84' title='bbox 261 2677 531 2760; x_wconf 84' lang='lat' dir='ltr'><strong>antecessisset</strong></span> <span class='ocrx_word' id='word_1_85' title='bbox 544 2677 730 2760; x_wconf 88' lang='lat' dir='ltr'><strong>faucium</strong></span> <span class='ocrx_word' id='word_1_86' title='bbox 747 2699 898 2760; x_wconf 90' lang='lat' dir='ltr'><strong>crustas</strong></span> <span class='ocrx_word' id='word_1_87' title='bbox 919 2699 958 2762; x_wconf 88' lang='lat' dir='ltr'><strong>et</strong></span> <span class='ocrx_word' id='word_1_88' title='bbox 975 2678 1197 2778; x_wconf 88' lang='lat' dir='ltr'><strong>ulcuscula,</strong></span> 
     </span>
     <span class='ocr_line' id='line_1_16' title="bbox 152 2812 1194 2921; baseline 0.001 -28"><span class='ocrx_word' id='word_1_89' title='bbox 152 2839 205 2893; x_wconf 92' lang='lat' dir='ltr'><strong>an</strong></span> <span class='ocrx_word' id='word_1_90' title='bbox 225 2841 272 2896; x_wconf 86' lang='lat' dir='ltr'><strong>ea</strong></span> <span class='ocrx_word' id='word_1_91' title='bbox 297 2837 432 2898; x_wconf 88' lang='lat' dir='ltr'><strong>secuta</strong></span> <span class='ocrx_word' id='word_1_92' title='bbox 455 2839 566 2898; x_wconf 85' lang='lat' dir='ltr'><strong>esset.</strong></span> <span class='ocrx_word' id='word_1_93' title='bbox 626 2816 789 2896; x_wconf 86' lang='lat' dir='ltr'><strong>Etenim</strong></span> <span class='ocrx_word' id='word_1_94' title='bbox 815 2815 878 2896; x_wconf 87' lang='lat' dir='ltr'><strong>vel</strong></span> <span class='ocrx_word' id='word_1_95' title='bbox 907 2813 1041 2921; x_wconf 88' lang='lat' dir='ltr'><strong>primo</strong></span> <span class='ocrx_word' id='word_1_96' title='bbox 1069 2812 1194 2896; x_wconf 88' lang='lat' dir='ltr'><strong>febris</strong></span> 
     </span>
     <span class='ocr_line' id='line_1_17' title="bbox 151 2941 1232 3052; baseline 0.004 -22"><span class='ocrx_word' id='word_1_97' title='bbox 151 2949 216 3032; x_wconf 91' lang='lat' dir='ltr'><strong>die</strong></span> <span class='ocrx_word' id='word_1_98' title='bbox 237 2951 447 3034; x_wconf 88' lang='lat' dir='ltr'><strong>interdum</strong></span> <span class='ocrx_word' id='word_1_99' title='bbox 468 2951 556 3052; x_wconf 83' lang='lat' dir='ltr'><strong>vidi</strong></span> <span class='ocrx_word' id='word_1_100' title='bbox 583 2951 717 3034; x_wconf 85' lang='lat' dir='ltr'><strong>fauces</strong></span> <span class='ocrx_word' id='word_1_101' title='bbox 741 2951 971 3036; x_wconf 86' lang='lat' dir='ltr'><strong>istiusmodi</strong></span> <span class='ocrx_word' id='word_1_102' title='bbox 990 2941 1192 3036; x_wconf 87' lang='lat' dir='ltr'><strong>ulceribus</strong></span> <span class='ocrx_word' id='word_1_103' title='bbox 1229 3041 1232 3050; x_wconf 57' lang='grc'><em>,</em></span> 
     </span>
     <span class='ocr_line' id='line_1_18' title="bbox 152 3088 1193 3198; baseline 0.001 -29"><span class='ocrx_word' id='word_1_104' title='bbox 152 3111 376 3196; x_wconf 87' lang='lat' dir='ltr'><strong>occupatas,</strong></span> <span class='ocrx_word' id='word_1_105' title='bbox 395 3117 491 3198; x_wconf 84' lang='lat' dir='ltr'><strong>quae</strong></span> <span class='ocrx_word' id='word_1_106' title='bbox 512 3089 580 3170; x_wconf 86' lang='lat' dir='ltr'><strong>vix</strong></span> <span class='ocrx_word' id='word_1_107' title='bbox 592 3089 781 3173; x_wconf 89' lang='lat' dir='ltr'><strong>credibile</strong></span> <span class='ocrx_word' id='word_1_108' title='bbox 800 3111 884 3173; x_wconf 85' lang='lat' dir='ltr'><strong>erat</strong></span> <span class='ocrx_word' id='word_1_109' title='bbox 897 3088 1005 3172; x_wconf 84' lang='lat' dir='ltr'><strong>intra</strong></span> <span class='ocrx_word' id='word_1_110' title='bbox 1023 3089 1193 3170; x_wconf 82' lang='lat' dir='ltr'><strong>dieculae</strong></span> 
     </span>
     <span class='ocr_line' id='line_1_19' title="bbox 151 3225 1191 3333; baseline 0.002 -27"><span class='ocrx_word' id='word_1_111' title='bbox 151 3225 328 3332; x_wconf 88' lang='lat' dir='ltr'><strong>spatium</strong></span> <span class='ocrx_word' id='word_1_112' title='bbox 355 3227 400 3308; x_wconf 92' lang='lat' dir='ltr'><strong>in</strong></span> <span class='ocrx_word' id='word_1_113' title='bbox 427 3247 590 3310; x_wconf 90' lang='lat' dir='ltr'><strong>tantum</strong></span> <span class='ocrx_word' id='word_1_114' title='bbox 619 3253 790 3309; x_wconf 86' lang='lat' dir='ltr'><strong>crescere</strong></span> <span class='ocrx_word' id='word_1_115' title='bbox 817 3226 1006 3333; x_wconf 88' lang='lat' dir='ltr'><strong>potuisse.</strong></span> <span class='ocrx_word' id='word_1_116' title='bbox 1066 3227 1191 3308; x_wconf 88' lang='lat' dir='ltr'><strong>Ortus</strong></span> 
     </span>
     <span class='ocr_line' id='line_1_20' title="bbox 150 3361 1306 3470; baseline 0.005 -26"><span class='ocrx_word' id='word_1_117' title='bbox 150 3367 287 3445; x_wconf 78' lang='lat' dir='ltr'><strong>autern</strong></span> <span class='ocrx_word' id='word_1_118' title='bbox 300 3363 450 3445; x_wconf 84' lang='lat' dir='ltr'><strong>harum</strong></span> <span class='ocrx_word' id='word_1_119' title='bbox 461 3386 690 3452; x_wconf 87' lang='lat' dir='ltr'><strong>crustarum</strong></span> <span class='ocrx_word' id='word_1_120' title='bbox 706 3389 830 3470; x_wconf 75' lang='lat' dir='ltr'><strong>agros</strong></span> <span class='ocrx_word' id='word_1_121' title='bbox 843 3361 957 3444; x_wconf 85' lang='lat' dir='ltr'><strong>facile</strong></span> <span class='ocrx_word' id='word_1_122' title='bbox 970 3363 1077 3464; x_wconf 86' lang='lat' dir='ltr'><strong>latet,</strong></span> <span class='ocrx_word' id='word_1_123' title='bbox 1096 3391 1193 3450; x_wconf 89' lang='lat' dir='ltr'><strong>cum</strong></span> <span class='ocrx_word' id='word_1_124' title='bbox 1304 3372 1306 3388; x_wconf 89' lang='lat'>&#39;</span> 
     </span>
     <span class='ocr_line' id='line_1_21' title="bbox 150 3498 1193 3606; baseline 0 -26"><span class='ocrx_word' id='word_1_125' title='bbox 150 3498 265 3581; x_wconf 88' lang='lat' dir='ltr'><strong>dolor</strong></span> <span class='ocrx_word' id='word_1_126' title='bbox 278 3501 397 3582; x_wconf 89' lang='lat' dir='ltr'><strong>initio</strong></span> <span class='ocrx_word' id='word_1_127' title='bbox 409 3523 467 3583; x_wconf 89' lang='lat' dir='ltr'><strong>est</strong></span> <span class='ocrx_word' id='word_1_128' title='bbox 480 3501 572 3584; x_wconf 90' lang='lat' dir='ltr'><strong>satis</strong></span> <span class='ocrx_word' id='word_1_129' title='bbox 584 3501 785 3600; x_wconf 87' lang='lat' dir='ltr'><strong>modicus,</strong></span> <span class='ocrx_word' id='word_1_130' title='bbox 803 3526 936 3606; x_wconf 89' lang='lat' dir='ltr'><strong>neque</strong></span> <span class='ocrx_word' id='word_1_131' title='bbox 956 3527 1193 3606; x_wconf 88' lang='lat' dir='ltr'><strong>comparan-</strong></span> 
     </span>
     <span class='ocr_line' id='line_1_22' title="bbox 149 3633 1189 3746; baseline 0.002 -28"><span class='ocrx_word' id='word_1_132' title='bbox 149 3635 224 3718; x_wconf 89' lang='lat' dir='ltr'><strong>dus</strong></span> <span class='ocrx_word' id='word_1_133' title='bbox 244 3665 343 3718; x_wconf 91' lang='lat' dir='ltr'><strong>cum</strong></span> <span class='ocrx_word' id='word_1_134' title='bbox 354 3637 423 3718; x_wconf 92' lang='lat' dir='ltr'><strong>illo</strong></span> <span class='ocrx_word' id='word_1_135' title='bbox 436 3639 509 3746; x_wconf 90' lang='lat' dir='ltr'><strong>qui</strong></span> <span class='ocrx_word' id='word_1_136' title='bbox 525 3635 573 3720; x_wconf 85' lang='lat' dir='ltr'><strong>fit</strong></span> <span class='ocrx_word' id='word_1_137' title='bbox 587 3667 634 3720; x_wconf 84' lang='lat' dir='ltr'><strong>ex</strong></span> <span class='ocrx_word' id='word_1_138' title='bbox 652 3635 836 3718; x_wconf 87' lang='lat' dir='ltr'><strong>faucium</strong></span> <span class='ocrx_word' id='word_1_139' title='bbox 855 3633 1189 3720; x_wconf 87' lang='lat' dir='ltr'><strong>inflammatione.</strong></span> 
     </span>
     <span class='ocr_line' id='line_1_23' title="bbox 149 3771 1193 3872; baseline 0.002 -18"><span class='ocrx_word' id='word_1_140' title='bbox 149 3771 383 3856; x_wconf 79' lang='lat' dir='ltr'><strong>Devorandi</strong></span> <span class='ocrx_word' id='word_1_141' title='bbox 393 3773 516 3856; x_wconf 88' lang='lat' dir='ltr'><strong>etiam</strong></span> <span class='ocrx_word' id='word_1_142' title='bbox 530 3775 645 3856; x_wconf 90' lang='lat' dir='ltr'><strong>labor</strong></span> <span class='ocrx_word' id='word_1_143' title='bbox 664 3774 731 3854; x_wconf 86' lang='lat' dir='ltr'><strong>vix</strong></span> <span class='ocrx_word' id='word_1_144' title='bbox 746 3795 805 3856; x_wconf 89' lang='lat' dir='ltr'><strong>est</strong></span> <span class='ocrx_word' id='word_1_145' title='bbox 820 3773 941 3872; x_wconf 90' lang='lat' dir='ltr'><strong>ullus,</strong></span> <span class='ocrx_word' id='word_1_146' title='bbox 968 3792 1038 3852; x_wconf 86' lang='lat' dir='ltr'><strong>aut</strong></span> <span class='ocrx_word' id='word_1_147' title='bbox 1053 3773 1193 3856; x_wconf 85' lang='lat' dir='ltr'><strong>saltem</strong></span> 
     </span>
     <span class='ocr_line' id='line_1_24' title="bbox 151 3908 1193 4018; baseline 0.006 -28"><span class='ocrx_word' id='word_1_148' title='bbox 151 3909 339 4017; x_wconf 90' lang='lat' dir='ltr'><strong>opinione</strong></span> <span class='ocrx_word' id='word_1_149' title='bbox 354 3912 486 3994; x_wconf 91' lang='lat' dir='ltr'><strong>multo</strong></span> <span class='ocrx_word' id='word_1_150' title='bbox 498 3911 649 4012; x_wconf 87' lang='lat' dir='ltr'><strong>minor,</strong></span> <span class='ocrx_word' id='word_1_151' title='bbox 677 3910 818 4018; x_wconf 88' lang='lat' dir='ltr'><strong>siquis</strong></span> <span class='ocrx_word' id='word_1_152' title='bbox 835 3908 1193 3997; x_wconf 65' lang='lat' dir='ltr'><strong>exfaueiumcon-</strong></span> 
     </span>
     <span class='ocr_line' id='line_1_25' title="bbox 150 4046 687 4148; baseline 0.007 -20"><span class='ocrx_word' id='word_1_153' title='bbox 150 4046 301 4132; x_wconf 88' lang='lat' dir='ltr'><strong>ditione</strong></span> <span class='ocrx_word' id='word_1_154' title='bbox 312 4049 439 4148; x_wconf 52' lang='lat' dir='ltr'><strong>,illum</strong></span> <span class='ocrx_word' id='word_1_155' title='bbox 459 4049 687 4132; x_wconf 74' lang='lat' dir='ltr'><strong>aesumaret.</strong></span> 
     </span>
    </p>

    <p class='ocr_par' dir='ltr' id='par_1_7' title="bbox 150 4181 1192 4444">
     <span class='ocr_line' id='line_1_26' title="bbox 202 4181 1192 4270; baseline -0.009 -2"><span class='ocrx_word' id='word_1_156' title='bbox 202 4188 252 4268; x_wconf 90' lang='lat' dir='ltr'><strong>ln</strong></span> <span class='ocrx_word' id='word_1_157' title='bbox 269 4185 366 4270; x_wconf 89' lang='lat' dir='ltr'><strong>locis</strong></span> <span class='ocrx_word' id='word_1_158' title='bbox 385 4215 483 4268; x_wconf 86' lang='lat' dir='ltr'><strong>mox</strong></span> <span class='ocrx_word' id='word_1_159' title='bbox 500 4185 726 4270; x_wconf 89' lang='lat' dir='ltr'><strong>ulcerandis</strong></span> <span class='ocrx_word' id='word_1_160' title='bbox 756 4183 930 4266; x_wconf 90' lang='lat' dir='ltr'><strong>cuticula</strong></span> <span class='ocrx_word' id='word_1_161' title='bbox 950 4181 1110 4266; x_wconf 83' lang='lat' dir='ltr'><strong>viderur</strong></span> <span class='ocrx_word' id='word_1_162' title='bbox 1129 4209 1192 4260; x_wconf 88' lang='lat' dir='ltr'><strong>so-</strong></span> 
     </span>
     <span class='ocr_line' id='line_1_27' title="bbox 150 4315 1191 4444; baseline -0.013 -34"><span class='ocrx_word' id='word_1_163' title='bbox 150 4319 219 4410; x_wconf 85' lang='lat' dir='ltr'><strong>lito</strong></span> <span class='ocrx_word' id='word_1_164' title='bbox 235 4323 437 4433; x_wconf 81' lang='lat' dir='ltr'><strong>pallidior,</strong></span> <span class='ocrx_word' id='word_1_165' title='bbox 464 4345 504 4409; x_wconf 91' lang='lat' dir='ltr'><strong>et</strong></span> <span class='ocrx_word' id='word_1_166' title='bbox 520 4323 636 4408; x_wconf 76' lang='lat' dir='ltr'><strong>brevi</strong></span> <span class='ocrx_word' id='word_1_167' title='bbox 650 4343 787 4433; x_wconf 82' lang='lat' dir='ltr'><strong>postea</strong></span> <span class='ocrx_word' id='word_1_168' title='bbox 802 4319 849 4404; x_wconf 85' lang='lat' dir='ltr'><strong>fit</strong></span> <span class='ocrx_word' id='word_1_169' title='bbox 869 4321 972 4444; x_wconf 76' lang='lat' dir='ltr'><strong>alba,</strong></span> <span class='ocrx_word' id='word_1_170' title='bbox 1001 4315 1191 4434; x_wconf 73' lang='lat' dir='ltr'><strong>autcine-</strong></span> 
     </span>
    </p>
   </div>
   <div class='ocr_carea' id='block_1_6' title="bbox 0 0 1512 5076">
    <p class='ocr_par' dir='ltr' id='par_1_8' title="bbox 0 0 1512 5076">
     <span class='ocr_line' id='line_1_28' title="bbox 0 0 1512 5076; baseline 0 2"><span class='ocrx_word' id='word_1_171' title='bbox 0 0 1512 5076; x_wconf 95' lang='lat' dir='ltr'><strong> </strong></span> 
     </span>
    </p>
   </div>
  </div>
 </body>
</html>
