3016 5076
684 455 860 598 ¹sa

305 663 424 774 pauci
453 665 544 772 plus
569 689 695 770 quam
715 662 926 770 scrupulos
945 661 1049 744 duos
1069 661 1262 776 devorare
1280 691 1349 746 va-

245 837 249 850 ·
307 802 401 882 lent.
460 799 620 880 Pulveri
651 798 749 881 huic
780 826 919 880 amaro
953 799 1144 881 aromatis
1175 800 1353 907 cujusvis
1492 887 1493 898 ἶ

302 936 481 1044 jucundi
500 963 626 1042 grana
643 937 721 1016 tria
740 959 966 1044 quatuorve
984 937 1138 1018 utiliter
1158 937 1357 1046 adjiciun-

170 1165 173 1174 ,
249 1127 253 1138 ‹
309 1047 380 1166 tur
392 1109 404 1175 ;
433 1073 544 1156 unde
575 1075 922 1156 medicamentum
940 1071 1010 1156 fiet
1028 1101 1114 1178 non
1134 1075 1260 1156 modo
1278 1077 1357 1156 mi·

311 1239 390 1294 nus
421 1231 686 1311 nauseosum,
717 1211 787 1292 sed
815 1207 870 1293 et'
887 1211 1097 1294 valentius.
1167 1215 1357 1296 Praeterea

313 1373 491 1432 aromate
519 1348 743 1430 identidem
775 1371 935 1430 mutato
963 1375 1095 1429 novus
1124 1339 1357 1432 conciliabi-
1492 1407 1493 1412 a

315 1510 384 1572 tur
402 1513 533 1595 sapor,
549 1485 844 1595 fastidiumque
862 1487 1172 1594 praecarebitur,
1198 1509 1239 1570 st
1257 1513 1360 1595 aeger
1492 1473 1493 1480 Ν

313 1625 468 1708 diutius
482 1651 731 1732 perseverare
751 1626 911 1730 poterit·

324 1815 330 1827 ·
368 1763 612 1870 Priusquam
623 1761 721 1842 huic
734 1761 855 1868 capiti
867 1759 994 1842 finem
1007 1761 1234 1870 imponam,
1247 1762 1361 1846 haud

314 1925 613 2008 supervacuum
635 1897 1359 2006 eritdicerequibuspraecipusnotis

316 2033 495 2120 arthritis
514 2063 538 2116 a
557 2035 851 2124 rheumatismo
870 2035 1123 2118 discernitur.

371 2174 506 2258 Prima
524 2172 693 2256 accessio
712 2171 934 2254 arthritidis
954 2198 1045 2254 raro
1060 2169 1109 2254 fit
1124 2172 1288 2280 longior
1300 2175 1361 2254 vi·
1492 2187 1493 2274 3

319 2309 426 2416 ginti
443 2308 612 2412 diebus:
642 2330 735 2390 tum
754 2310 924 2390 morbus
944 2309 1078 2416 primo
1093 2308 1262 2390 articulo
1276 2311 1362 2416 pol-

176 2433 179 2442 *
310 2446 408 2534 licis
428 2446 540 2554 pedis
559 2444 721 2546 insidet,
748 2447 813 2528 vel
832 2447 973 2528 saltem
991 2448 1098 2528 ultra
1115 2445 1261 2553 pedem
1278 2473 1364 2528 non
1492 2435 1493 2482 ³

320 2569 476 2667 mansit.
534 2584 631 2664 Non
645 2603 704 2664 est
718 2604 961 2690 perpetuum
974 2605 1022 2664 ut
1036 2583 1175 2682 febris,
1201 2583 1364 2698 vellan-
1492 2601 1493 2644 ³

320 2747 452 2836 guor,
467 2720 530 2802 vel
561 2719 714 2828 quaevis
746 2721 952 2826 aegrotatio
971 2717 1204 2822 adtecedat3
1233 2748 1362 2829 quan-

289 2854 292 2870 ’
322 2886 450 2968 quam
468 2855 547 2938 boc
564 2856 775 2938 interdum
794 2855 875 2938 fiat.
1492 2837 1493 2844 Ν

376 2996 510 3078 Locus
530 2992 710 3108 podagra¹
727 3015 945 3100 occupatus
965 3011 1138 3076 saturare
1163 2995 1296 3097 rubet,
1323 2971 1363 3080 ct
1492 3033 1493 3066 ψ

323 3132 423 3215 adeo
442 3133 621 3239 impense
640 3129 762 3232 dolet,
791 3151 839 3212 ut
857 3131 1061 3214 levissimo
1078 3132 1254 3239 pondere
1274 3157 1363 3240 pre-
1492 3169 1493 3228 ,

245 3263 247 3266 ¹
323 3268 383 3352 mi
397 3295 484 3352 non
502 3266 707 3348 sustineat.
1492 3347 1493 3384 ἦ

296 3452 301 3460 ·
362 3401 574 3486 vllrtlrritie
586 3429 678 3486 raro
691 3381 945 3513 quemquam
955 3406 1133 3514 corripit,
1148 3430 1366 3514 quemnon
1492 3425 1493 3432 ‘

324 3539 432 3624 intra
452 3569 611 3650 *paucos
633 3566 762 3624 annos
782 3541 940 3624 revisit:
970 3569 1068 3625 mox
1086 3545 1239 3626 reditus
1258 3540 1367 3624 fiunt

324 3677 559 3774 crebriores,
587 3698 628 3760 et
646 3678 887 3762 accessiones
916 3680 1142 3786 longiorem
1162 3703 1255 3762 tum
1267 3707 1370 3789 quo-

324 3833 406 3924 qne
439 3815 590 3923 priores
621 3815 816 3912 terminos
849 3817 1017 3917 excedit,
1044 3839 1085 3899 et
1106 3817 1264 3898 nullam
1281 3841 1368 3897 non
1492 3843 1493 3856 ¹

322 3954 500 4073 corporis
519 3975 676 4062 partem
689 3953 867 4054 inradit3
895 3978 1077 4064 etquam
1091 3953 1364 4104 invaseritde·
1492 3979 1493 4064 j

322 4091 470 4191 bilitat‚
497 4112 569 4172 aut
601 4091 805 4174 ulceribus
838 4090 982 4194 foedat‘,
1009 4094 1074 4176 vel
1103 4093 1279 4201 repetitis
1303 4093 1365 4174 in-

219 4315 238 4342 ,.
328 4225 681 4312 demutationibus
703 4227 836 4312 reddit
854 4229 1003 4314 duram
1016 4251 1057 4314 et
1074 4230 1341 4316 immobilem.
