2990 5078
259 604 642 718 quesaepsprofuir3
671 624 711 686 et
723 585 917 686 vom'endi
928 577 1097 685 donanto
1110 603 1306 710 opinione

257 747 396 828 minus
409 743 594 824 dolorem
606 763 740 846 auget:
756 742 895 850 itaque
906 741 1076 848 singulis
1089 741 1303 822 mensibus

258 881 411 962 utiliter
426 864 597 960 elicitur.
638 879 832 962 Vomitus
851 907 923 960 seu
936 877 1205 978 voluntarius,
1219 877 1306 964 sive

245 1018 557 1100 ¹medicamento
569 1017 778 1118 excitatus,
788 1017 901 1098 haud
911 1015 1211 1099 contemnendo
1221 1014 1308 1099 fuit

258 1153 597 1263 praesidiocontra
610 1153 730 1234 illum
744 1153 884 1262 capitis
896 1153 1081 1236 dolorem
1095 1152 1169 1260 qui
1180 1152 1304 1235 initio

258 1291 440 1376 febrium
458 1287 620 1393 incidit3
651 1320 777 1400 quem
796 1292 920 1374 etiam
948 1292 1168 1374 certissime
1195 1291 1306 1375 tollit

257 1431 524 1536 emplastrum
542 1429 785 1512 cantharidis
805 1431 912 1512 inter
934 1432 1114 1538 scapulas
1134 1421 1308 1538 imposi-

237 1589 362 1650 ‘tum
421 1548 615 1649 Fomenta
631 1567 760 1648 calida
778 1568 914 1676 capiti,
936 1591 1008 1650 aut
1025 1567 1211 1674 pedibus,
1230 1567 1304 1650 ad-

259 1726 385 1804 mota,
412 1730 568 1810 semper
587 1703 797 1806 minuunt,
822 1733 924 1812 saepe
943 1705 1094 1786 tollunt
1112 1703 1224 1786 hunc
1243 1703 1307 1786 af·

258 1841 440 1942 fectum3
469 1840 679 1958 interdum
697 1842 817 1922 illum
836 1863 927 1924 tuto
946 1842 1066 1924 solvit
1085 1841 1243 1950 opium.

681 2189 788 2269 Car.
814 2193 876 2271 18.

416 2349 484 2432 De
500 2351 650 2434 Dolore
671 2348 827 2460 Capitis
846 2351 1149 2436 interrrzittente.
1200 2448 1203 2457 1

214 2528 218 2538 ‘
316 2511 505 2594 Conrrx
536 2513 741 2592 Peruanus
770 2511 999 2594 remedium
1030 2513 1114 2596 fere
1143 2537 1306 2604 certum

260 2651 388 2732 estad
407 2649 537 2730 febres
557 2647 881 2750 intermittentes,
898 2650 944 2733 in
963 2650 1115 2758 quibus
1139 2653 1305 2734 univer-

260 2813 355 2871 sum
378 2815 521 2893 corpus
542 2808 718 2894 aegrotat.
779 2787 908 2898 Quod
931 2789 964 2870 si
983 2791 1106 2896 partis
1132 2791 1306 2900 alicujus

259 2925 416 3022 dolores
443 2947 602 3006 certum
628 2923 781 3006 habent
803 2923 1036 3026 circuitum,
1064 2953 1150 3010 non
1169 2932 1306 3012 solum

260 3061 327 3144 hic
365 3085 513 3161 cortex,
541 3088 686 3142 verum
716 3061 792 3142 alia·
820 3062 959 3144 omnia
996 3064 1304 3168 medicamenta,

261 3225 352 3310 qua
372 3199 454 3302 huc
477 3225 607 3306 usque
627 3197 793 3297 tentavi,
822 3227 923 3304 saepe
941 3197 1093 3283 frustra
1119 3201 1303 3286 fuerunt.

199 3429 202 3438 ¹
257 3333 353 3416 Hoc
372 3365 419 3417 eo
438 3336 567 3442 magis
587 3335 804 3416 molestum
824 3359 895 3436 est,
915 3339 1013 3445 quia
1031 3367 1129 3420 cum
1157 3341 1302 3449 hujus·

258 3473 373 3556 modi
411 3471 575 3554 affectus
607 3493 775 3578 occupet
808 3497 930 3580 caput
962 3499 1033 3558 aut
1065 3475 1225 3580 faciem,
1252 3501 1302 3561 ut

259 3636 362 3713 saepe
382 3607 442 3709 fit,
471 3610 567 3714 agri
587 3637 736 3714 angore
755 3610 1045 3713 conficiuntur,
1073 3615 1238 3722 qualem
1257 3619 1303 3698 in

257 3747 395 3852 paucis
412 3747 497 3826 aliis
510 3747 663 3828 morbis
677 3748 892 3850 inveneris,
911 3752 1114 3859 siquidem
1132 3755 1302 3838 aestime-

258 3904 328 3962 tur
343 3883 531 3988 querelis,
551 3913 574 3962 a
593 3883 745 3990 quibus
766 3886 833 3968 vix
852 3869 1168 3994 patientissimus
1190 3892 1304 4000 quis-

258 4045 340 4126 que
359 4042 581 4126 temperare
600 4043 740 4127 potest.
863 4093 865 4098 ,

313 4157 396 4238 Hic
409 4157 578 4240 morbus
592 4159 717 4240 modo
729 4184 900 4268 occupat
915 4187 1037 4270 caput
1048 4167 1301 4269 universum,

258 4295 612 4401 quemadmodum
626 4295 694 4378 alii
706 4297 849 4412 capitis
865 4299 1037 4404 dolores,
1047 4303 1173 4387 modo
1199 4303 1304 4390 occi-
