3002 5086
785 503 884 621 17o

148 769 152 778 .
310 743 380 803 tur
407 741 490 801 esse
515 715 845 818 haemorrhoides,
872 713 1046 828 ideoque
1074 719 1346 827 negligamus
1375 781 1377 785 ,

310 861 373 942 Ex
414 856 492 938 illis
530 875 680 957 autem,
718 855 822 936 dum
865 853 1191 960 inflammantur,
1235 859 1348 941 dolor

310 997 432 1102 longe
449 992 579 1100 major
597 1013 670 1094 est,
697 1013 825 1101 quam
842 1015 892 1074 ex
910 981 1294 1096 humor'rhdidibus,
1310 1015 1347 1078 st

310 1131 440 1240 magis
451 1129 679 1212 intenditur
687 1131 946 1232 sternusndo,
956 1133 1020 1214 vel
1030 1133 1248 1215 tussiendo.
1272 1127 1348 1214 Sed

219 1333 221 1340 .
307 1291 363 1354 et·
378 1285 596 1378 postquam
615 1268 852 1375 suppuratio
878 1267 985 1350 faeta
1005 1269 1100 1372 suin
1127 1271 1161 1350 si
1181 1269 1345 1378 quidem

309 1409 425 1490 ulcus
454 1406 650 1511 exiguum
682 1404 901 1487 humorem
928 1405 1091 1508 fundat,-
1119 1423 1206 1488 non
1233 1393 1346 1488 facile

307 1542 1345 1653 discerniturabhaemorrhoidibus,aquibus‚etium

307 1679 384 1765 ubi
394 1681 510 1764 nulia
522 1699 582 1761 est
594 1679 848 1782 exulceratio,
862 1681 1345 1790 subpurulsntushumor
1485 1673 1486 1722 ³

208 1895 213 1910 .
306 1819 518 1904 consuevit
531 1817 740 1899 destillare.
798 1819 872 1919 Ut,
885 1837 1090 1926 quantum
1104 1815 1193 1900 fieri
1206 1835 1346 1926 potest,

306 1979 419 2040 error
435 1954 569 2038 omnis
581 1955 759 2056 tollatur,
776 1955 1016 2064 ubieunque
1030 1943 1147 2037 dolor
1160 1971 1219 2038 ost
1229 1954 1344 2036 vehe-

306 2093 497 2194 mentior,
523 2113 563 2174 et
581 2093 849 2199 purulentum
868 2093 971 2201 quid
989 2109 1164 2194 emunit,
1189 2111 1343 2200 oporte-
1486 2101 1487 2106 ‘

305 2233 370 2314 bit
388 2229 607 2337 confugere
625 2230 677 2314 ad
705 2229 960 2338 chirurgum,
978 2229 1059 2332 cui,
1086 2230 1120 2311 si
1137 2230 1343 2338 de'tegatur

304 2369 370 2450 'uel
389 2363 660 2448 inflammatio
678 2368 742 2448 vel
755 2368 884 2464 ulcus,
904 2389 990 2450 tota
1007 2367 1162 2448 curatio
1181 2366 1343 2474 permit·

305 2503 429 2586 tenda
441 2521 526 2604 est3
554 2523 594 2585 et
613 2531 697 2612 quo
716 2503 916 2585 maturius
935 2504 1043 2585 illius
1058 2503 1256 2584 auxilium
1267 2503 1342 2583 im-

303 2643 499 2750 ploratur,
510 2668 558 2722 eo
569 2640 697 2748 magis
706 2638 922 2748 juvabitur
935 2659 1120 2748 aegrotus.
1164 2643 1341 2742 Name-

302 2779 439 2860 media
462 2777 608 2858 idonea
626 2777 860 2885 tempestive
888 2777 1174 2860 adbibitanon
1202 2776 1340 2858 sinunt

303 2915 404 2997 altos
424 2913 511 2997 fieri
524 2914 650 3017 sinus,
669 2916 743 3023 qui
755 2917 818 2997 vel
832 2936 1049 3024 nunquam
1061 2937 1198 3023 postea
1211 2913 1337 2996 sanan'

303 3053 473 3164 possint,
491 3053 555 3134 vel
573 3081 659 3135 non
687 3053 773 3134 sine
790 3051 912 3155 ferro,
941 3075 981 3137 et
999 3053 1136 3134 dolore
1154 3079 1241 3134 non
1259 3079 1338 3133 me·

302 3192 442 3275 diocri.
500 3191 628 3276 Ulcus
657 3166 893 3274 fistulosum¹
908 3191 953 3273 in
981 3191 1231 3300 quibusdam
1255 3217 1338 3299 per-

301 3328 454 3413 mansit
467 3325 704 3429 insanabile,
720 3347 761 3412 et
774 3352 852 3436 pus
865 3327 990 3430 fudit,
1006 3349 1204 3437 tanquam
1218 3327 1337 3410 fonti·

302 3467 433 3568 culus,
450 3489 522 3573 per
540 3465 708 3574 triginta
722 3487 861 3548 annos.

357 3601 634 3689 Inflammatio
647 3598 938 3690 stexulcsratio
952 3603 1133 3688 mtsstuu
1145 3605 1243 3688 recti
1254 3625 1337 3687 mo-

301 3739 358 3823 do
375 3739 527 3823 habent
546 3741 712 3824 initium
731 3769 754 3824 a
772 3743 881 3825 malo
901 3742 1078 3850 eorporis
1097 3741 1256 3844 habitu,
1282 3759 1336 3823 at-

301 3857 383 3987 quo
401 3877 646 3962 humoribus
666 3880 890 3966 senioribus
917 3881 962 3964 iu
981 3880 1087 3962 hano
1104 3899 1261 3988 partem
1277 3881 1336 3961 iu-

299 4015 608 4118 eumbentibus3
636 4017 970 4100 modoslovibus
979 4011 1140 4126 injuriis
1150 4017 1336 4100 extrinse-

175 4235 177 4242 .
298 4176 371 4235 cus
389 4153 507 4236 illatis
527 4155 645 4237 ulcus
663 4155 857 4257 nascimr,
874 4155 991 4265 quod
1003 4155 1234 4263 neglsotum
1253 4175 1336 4237 tan·

267 4357 273 4372 .
298 4290 394 4373 dem
403 4317 544 4374 omnes
552 4291 731 4401 corporis
742 4291 936 4376 humores
944 4292 1184 4402 corrumpit,
1209 4293 1335 4374 Alter·

296 4446 390 4510 utra
407 4455 456 4513 ex
474 4429 538 4514 his
557 4429 686 4518 causis
700 4427 855 4514 efficere
869 4449 1013 4540 potest,
1031 4431 1146 4542 quod
1164 4447 1267 4540 supe
1279 4427 1332 4510 vi·
