<?xml version="1.0" encoding="UTF-8"?>
<!DOCTYPE html PUBLIC "-//W3C//DTD XHTML 1.0 Transitional//EN"
    "http://www.w3.org/TR/xhtml1/DTD/xhtml1-transitional.dtd">
<html xmlns="http://www.w3.org/1999/xhtml" xml:lang="en" lang="en">
 <head>
  <title>
</title>
<meta http-equiv="Content-Type" content="text/html;charset=utf-8" />
  <meta name='ocr-system' content='tesseract 3.04.00' />
  <meta name='ocr-capabilities' content='ocr_page ocr_carea ocr_par ocr_line ocrx_word'/>
</head>
<body>
  <div class='ocr_page' id='page_1' title='image "./commentariidemo00hebegoog_0186.png"; bbox 0 0 3002 5086; ppageno 0'>
   <div class='ocr_carea' id='block_1_1' title="bbox 604 527 703 646">
    <p class='ocr_par' dir='ltr' id='par_1_1' title="bbox 604 527 703 646">
     <span class='ocr_line' id='line_1_1' title="bbox 604 527 703 646; baseline 0.152 -16"><span class='ocrx_word' id='word_1_1' title='bbox 604 527 703 646; x_wconf 84' lang='lat'>169</span> 
     </span>
    </p>
   </div>
   <div class='ocr_carea' id='block_1_2' title="bbox 126 741 1290 2777">
    <p class='ocr_par' dir='ltr' id='par_1_2' title="bbox 126 741 1168 1680">
     <span class='ocr_line' id='line_1_2' title="bbox 131 741 1167 854; baseline 0.007 -26"><span class='ocrx_word' id='word_1_2' title='bbox 131 745 257 847; x_wconf 84' lang='lat' dir='ltr'>batur,</span> <span class='ocrx_word' id='word_1_3' title='bbox 268 744 436 830; x_wconf 85' lang='lat' dir='ltr'>amorbi</span> <span class='ocrx_word' id='word_1_4' title='bbox 446 743 716 848; x_wconf 73' lang='lat' dir='ltr'>sadelicetad</span> <span class='ocrx_word' id='word_1_5' title='bbox 726 741 856 852; x_wconf 88' lang='lat' dir='ltr'>ipsam</span> <span class='ocrx_word' id='word_1_6' title='bbox 863 748 1167 854; x_wconf 84' lang='lat' dir='ltr'>pervenirenou</span> 
     </span>
     <span class='ocr_line' id='line_1_3' title="bbox 130 881 1168 993; baseline 0.01 -31"><span class='ocrx_word' id='word_1_7' title='bbox 130 881 344 986; x_wconf 66' lang='lat' dir='ltr'>ridereturr</span> <span class='ocrx_word' id='word_1_8' title='bbox 370 911 456 993; x_wconf 92' lang='lat' dir='ltr'>quo</span> <span class='ocrx_word' id='word_1_9' title='bbox 467 906 689 992; x_wconf 87' lang='lat' dir='ltr'>supputato</span> <span class='ocrx_word' id='word_1_10' title='bbox 709 883 894 990; x_wconf 85' lang='lat' dir='ltr'>protinus</span> <span class='ocrx_word' id='word_1_11' title='bbox 914 908 1052 969; x_wconf 87' lang='lat' dir='ltr'>motus</span> <span class='ocrx_word' id='word_1_12' title='bbox 1065 909 1168 972; x_wconf 86' lang='lat' dir='ltr'>arte-</span> 
     </span>
     <span class='ocr_line' id='line_1_4' title="bbox 128 1019 1165 1135; baseline 0.005 -31"><span class='ocrx_word' id='word_1_13' title='bbox 128 1021 276 1104; x_wconf 85' lang='lat' dir='ltr'>riarum</span> <span class='ocrx_word' id='word_1_14' title='bbox 290 1023 539 1132; x_wconf 79' lang='lat' dir='ltr'>conquievit,</span> <span class='ocrx_word' id='word_1_15' title='bbox 557 1043 598 1104; x_wconf 90' lang='lat' dir='ltr'>et</span> <span class='ocrx_word' id='word_1_16' title='bbox 615 1023 698 1104; x_wconf 91' lang='lat' dir='ltr'>cibi</span> <span class='ocrx_word' id='word_1_17' title='bbox 717 1019 931 1131; x_wconf 75' lang='lat' dir='ltr'>cupiditas,</span> <span class='ocrx_word' id='word_1_18' title='bbox 949 1045 990 1108; x_wconf 87' lang='lat' dir='ltr'>et</span> <span class='ocrx_word' id='word_1_19' title='bbox 1003 1049 1165 1135; x_wconf 83' lang='lat' dir='ltr'>corpus,</span> 
     </span>
     <span class='ocr_line' id='line_1_5' title="bbox 127 1159 1166 1278; baseline 0.004 -36"><span class='ocrx_word' id='word_1_20' title='bbox 127 1160 316 1262; x_wconf 76' lang='lat' dir='ltr'>eresbur,</span> <span class='ocrx_word' id='word_1_21' title='bbox 329 1162 375 1242; x_wconf 91' lang='lat' dir='ltr'>in</span> <span class='ocrx_word' id='word_1_22' title='bbox 388 1159 596 1268; x_wconf 83' lang='lat' dir='ltr'>integrum</span> <span class='ocrx_word' id='word_1_23' title='bbox 611 1159 795 1243; x_wconf 85' lang='lat' dir='ltr'>restituta</span> <span class='ocrx_word' id='word_1_24' title='bbox 809 1181 916 1244; x_wconf 80' lang='lat' dir='ltr'>sunt</span> <span class='ocrx_word' id='word_1_25' title='bbox 976 1163 1106 1278; x_wconf 83' lang='lat' dir='ltr'>Quod</span> <span class='ocrx_word' id='word_1_26' title='bbox 1120 1164 1166 1246; x_wconf 93' lang='lat' dir='ltr'>in</span> 
     </span>
     <span class='ocr_line' id='line_1_6' title="bbox 127 1293 1168 1400; baseline 0.006 -23"><span class='ocrx_word' id='word_1_27' title='bbox 127 1293 185 1377; x_wconf 85' lang='lat' dir='ltr'>bis</span> <span class='ocrx_word' id='word_1_28' title='bbox 199 1293 330 1380; x_wconf 86' lang='lat' dir='ltr'>effecit</span> <span class='ocrx_word' id='word_1_29' title='bbox 343 1317 503 1400; x_wconf 86' lang='lat' dir='ltr'>natura,</span> <span class='ocrx_word' id='word_1_30' title='bbox 518 1295 672 1378; x_wconf 86' lang='lat' dir='ltr'>imitari</span> <span class='ocrx_word' id='word_1_31' title='bbox 686 1319 855 1378; x_wconf 87' lang='lat' dir='ltr'>conatus</span> <span class='ocrx_word' id='word_1_32' title='bbox 870 1323 977 1399; x_wconf 88' lang='lat' dir='ltr'>sum,</span> <span class='ocrx_word' id='word_1_33' title='bbox 993 1301 1168 1382; x_wconf 84' lang='lat' dir='ltr'>excitato</span> 
     </span>
     <span class='ocr_line' id='line_1_7' title="bbox 126 1433 1168 1546; baseline 0.008 -33"><span class='ocrx_word' id='word_1_34' title='bbox 126 1433 253 1515; x_wconf 85' lang='lat' dir='ltr'>ulcere</span> <span class='ocrx_word' id='word_1_35' title='bbox 271 1459 396 1543; x_wconf 86' lang='lat' dir='ltr'>prope</span> <span class='ocrx_word' id='word_1_36' title='bbox 414 1435 551 1518; x_wconf 86' lang='lat' dir='ltr'>morbi</span> <span class='ocrx_word' id='word_1_37' title='bbox 570 1435 727 1536; x_wconf 84' lang='lat' dir='ltr'>eedem;</span> <span class='ocrx_word' id='word_1_38' title='bbox 756 1435 827 1517; x_wconf 85' lang='lat' dir='ltr'>sed</span> <span class='ocrx_word' id='word_1_39' title='bbox 844 1435 923 1518; x_wconf 89' lang='lat' dir='ltr'>hoc</span> <span class='ocrx_word' id='word_1_40' title='bbox 938 1437 1022 1544; x_wconf 88' lang='lat' dir='ltr'>spei</span> <span class='ocrx_word' id='word_1_41' title='bbox 1036 1463 1168 1546; x_wconf 89' lang='lat' dir='ltr'>quam</span> 
     </span>
     <span class='ocr_line' id='line_1_8' title="bbox 127 1553 751 1680; baseline -0.002 -28"><span class='ocrx_word' id='word_1_42' title='bbox 127 1567 347 1654; x_wconf 75' lang='lat' dir='ltr'><strong>habueram</strong></span> <span class='ocrx_word' id='word_1_43' title='bbox 365 1599 513 1680; x_wconf 86' lang='lat' dir='ltr'>patum</span> <span class='ocrx_word' id='word_1_44' title='bbox 531 1553 751 1680; x_wconf 79' lang='lat' dir='ltr'><strong>respondit.</strong></span> 
     </span>
    </p>

    <p class='ocr_par' dir='ltr' id='par_1_3' title="bbox 127 1705 1290 2777">
     <span class='ocr_line' id='line_1_9' title="bbox 177 1705 1169 1818; baseline 0.004 -29"><span class='ocrx_word' id='word_1_45' title='bbox 177 1709 320 1818; x_wconf 86' lang='lat' dir='ltr'>Nuper</span> <span class='ocrx_word' id='word_1_46' title='bbox 337 1709 566 1818; x_wconf 82' lang='lat' dir='ltr'>percrebuit</span> <span class='ocrx_word' id='word_1_47' title='bbox 584 1708 725 1818; x_wconf 90' lang='lat' dir='ltr'>opinio</span> <span class='ocrx_word' id='word_1_48' title='bbox 747 1705 854 1790; x_wconf 92' lang='lat' dir='ltr'>inter</span> <span class='ocrx_word' id='word_1_49' title='bbox 872 1709 1065 1811; x_wconf 82' lang='lat' dir='ltr'>medicos,</span> <span class='ocrx_word' id='word_1_50' title='bbox 1078 1807 1080 1814; x_wconf 23' lang='grc' dir='ltr'>Ι</span> <span class='ocrx_word' id='word_1_51' title='bbox 1092 1711 1169 1793; x_wconf 91' lang='lat' dir='ltr'>ubi</span> 
     </span>
     <span class='ocr_line' id='line_1_10' title="bbox 127 1843 1290 1960; baseline 0.004 -36"><span class='ocrx_word' id='word_1_52' title='bbox 127 1843 274 1928; x_wconf 87' lang='lat' dir='ltr'>incidat</span> <span class='ocrx_word' id='word_1_53' title='bbox 285 1846 847 1955; x_wconf 81' lang='lat' dir='ltr'>gangroena,rebsuppuratio</span> <span class='ocrx_word' id='word_1_54' title='bbox 860 1871 945 1926; x_wconf 89' lang='lat' dir='ltr'>non</span> <span class='ocrx_word' id='word_1_55' title='bbox 957 1845 1060 1928; x_wconf 87' lang='lat' dir='ltr'>bene</span> <span class='ocrx_word' id='word_1_56' title='bbox 1075 1871 1184 1960; x_wconf 30' lang='lat' dir='ltr'>pro-¹</span> <span class='ocrx_word' id='word_1_57' title='bbox 1288 1889 1290 1894; x_wconf 90' lang='lat'><em>·</em></span> 
     </span>
     <span class='ocr_line' id='line_1_11' title="bbox 127 1981 1170 2092; baseline 0.003 -30"><span class='ocrx_word' id='word_1_58' title='bbox 127 1982 249 2084; x_wconf 85' lang='lat' dir='ltr'>cedat,</span> <span class='ocrx_word' id='word_1_59' title='bbox 267 2011 446 2092; x_wconf 80' lang='lat' dir='ltr'>praesens</span> <span class='ocrx_word' id='word_1_60' title='bbox 465 2013 549 2068; x_wconf 88' lang='lat' dir='ltr'>esse</span> <span class='ocrx_word' id='word_1_61' title='bbox 567 1983 795 2066; x_wconf 88' lang='lat' dir='ltr'>remedium</span> <span class='ocrx_word' id='word_1_62' title='bbox 818 1983 864 2064; x_wconf 92' lang='lat' dir='ltr'>in</span> <span class='ocrx_word' id='word_1_63' title='bbox 883 1981 1029 2064; x_wconf 87' lang='lat' dir='ltr'>cortice</span> <span class='ocrx_word' id='word_1_64' title='bbox 1047 1985 1170 2065; x_wconf 87' lang='lat' dir='ltr'>Petu-</span> 
     </span>
     <span class='ocr_line' id='line_1_12' title="bbox 128 2115 1170 2220; baseline 0.002 -20"><span class='ocrx_word' id='word_1_65' title='bbox 128 2115 267 2202; x_wconf 83' lang='lat' dir='ltr'>riano:</span> <span class='ocrx_word' id='word_1_66' title='bbox 298 2143 339 2202; x_wconf 88' lang='lat' dir='ltr'>et</span> <span class='ocrx_word' id='word_1_67' title='bbox 368 2145 509 2204; x_wconf 90' lang='lat' dir='ltr'>omnes</span> <span class='ocrx_word' id='word_1_68' title='bbox 539 2121 744 2204; x_wconf 84' lang='lat' dir='ltr'>fateantur</span> <span class='ocrx_word' id='word_1_69' title='bbox 772 2141 1029 2220; x_wconf 66' lang='lat' dir='ltr'>necessust,</span> <span class='ocrx_word' id='word_1_70' title='bbox 1057 2119 1170 2202; x_wconf 88' lang='lat' dir='ltr'>aliud</span> 
     </span>
     <span class='ocr_line' id='line_1_13' title="bbox 128 2255 1276 2368; baseline 0.005 -31"><span class='ocrx_word' id='word_1_71' title='bbox 128 2257 355 2338; x_wconf 88' lang='lat' dir='ltr'>remedium</span> <span class='ocrx_word' id='word_1_72' title='bbox 373 2285 459 2340; x_wconf 92' lang='lat' dir='ltr'>non</span> <span class='ocrx_word' id='word_1_73' title='bbox 477 2260 694 2341; x_wconf 85' lang='lat' dir='ltr'>inventum</span> <span class='ocrx_word' id='word_1_74' title='bbox 713 2285 810 2359; x_wconf 87' lang='lat' dir='ltr'>esse,</span> <span class='ocrx_word' id='word_1_75' title='bbox 837 2256 953 2368; x_wconf 92' lang='lat' dir='ltr'>quod</span> <span class='ocrx_word' id='word_1_76' title='bbox 971 2255 1034 2338; x_wconf 88' lang='lat' dir='ltr'>his</span> <span class='ocrx_word' id='word_1_77' title='bbox 1054 2258 1170 2364; x_wconf 78' lang='lat' dir='ltr'>agris</span> <span class='ocrx_word' id='word_1_78' title='bbox 1268 2271 1276 2286; x_wconf 94' lang='lat'>&#39;</span> 
     </span>
     <span class='ocr_line' id='line_1_14' title="bbox 128 2373 1171 2504; baseline 0.005 -33"><span class='ocrx_word' id='word_1_79' title='bbox 128 2394 560 2478; x_wconf 76' lang='lat' dir='ltr'>valentiussubveniat.</span> <span class='ocrx_word' id='word_1_80' title='bbox 610 2395 831 2504; x_wconf 90' lang='lat' dir='ltr'>Itaquehic</span> <span class='ocrx_word' id='word_1_81' title='bbox 846 2373 996 2496; x_wconf 74' lang='lat' dir='ltr'>comer,</span> <span class='ocrx_word' id='word_1_82' title='bbox 1011 2394 1171 2476; x_wconf 91' lang='lat' dir='ltr'>medico</span> 
     </span>
     <span class='ocr_line' id='line_1_15' title="bbox 127 2532 1171 2640; baseline 0.002 -29"><span class='ocrx_word' id='word_1_83' title='bbox 127 2532 186 2612; x_wconf 81' lang='lat' dir='ltr'>vel</span> <span class='ocrx_word' id='word_1_84' title='bbox 204 2533 413 2634; x_wconf 84' lang='lat' dir='ltr'>suadente,</span> <span class='ocrx_word' id='word_1_85' title='bbox 427 2534 491 2615; x_wconf 82' lang='lat' dir='ltr'>vel</span> <span class='ocrx_word' id='word_1_86' title='bbox 506 2553 611 2615; x_wconf 83' lang='lat' dir='ltr'>certe</span> <span class='ocrx_word' id='word_1_87' title='bbox 624 2559 715 2634; x_wconf 88' lang='lat' dir='ltr'>non</span> <span class='ocrx_word' id='word_1_88' title='bbox 733 2553 999 2640; x_wconf 85' lang='lat' dir='ltr'>repugnante,</span> <span class='ocrx_word' id='word_1_89' title='bbox 1013 2557 1171 2639; x_wconf 88' lang='lat' dir='ltr'>semper</span> 
     </span>
     <span class='ocr_line' id='line_1_16' title="bbox 127 2663 1172 2777; baseline 0.004 -31"><span class='ocrx_word' id='word_1_90' title='bbox 127 2663 205 2750; x_wconf 81' lang='lat' dir='ltr'>fere</span> <span class='ocrx_word' id='word_1_91' title='bbox 216 2671 341 2752; x_wconf 87' lang='lat' dir='ltr'>datur</span> <span class='ocrx_word' id='word_1_92' title='bbox 352 2671 397 2752; x_wconf 89' lang='lat' dir='ltr'>in</span> <span class='ocrx_word' id='word_1_93' title='bbox 408 2669 592 2754; x_wconf 79' lang='lat' dir='ltr'>febribus</span> <span class='ocrx_word' id='word_1_94' title='bbox 604 2670 860 2770; x_wconf 86' lang='lat' dir='ltr'>inordinatis,</span> <span class='ocrx_word' id='word_1_95' title='bbox 872 2669 947 2750; x_wconf 93' lang='lat' dir='ltr'>ubi</span> <span class='ocrx_word' id='word_1_96' title='bbox 955 2689 1172 2777; x_wconf 71' lang='lat' dir='ltr'>gangraenas</span> 
     </span>
    </p>
   </div>
   <div class='ocr_carea' id='block_1_3' title="bbox 129 2801 1293 2915">
    <p class='ocr_par' dir='ltr' id='par_1_4' title="bbox 129 2801 1293 2915">
     <span class='ocr_line' id='line_1_17' title="bbox 129 2801 1293 2915; baseline 0.005 -31"><span class='ocrx_word' id='word_1_97' title='bbox 129 2827 196 2888; x_wconf 87' lang='lat' dir='ltr'>aut</span> <span class='ocrx_word' id='word_1_98' title='bbox 213 2808 421 2890; x_wconf 87' lang='lat' dir='ltr'>abscessus</span> <span class='ocrx_word' id='word_1_99' title='bbox 440 2829 510 2890; x_wconf 86' lang='lat' dir='ltr'>est.</span> <span class='ocrx_word' id='word_1_100' title='bbox 571 2809 623 2889; x_wconf 86' lang='lat' dir='ltr'>Et</span> <span class='ocrx_word' id='word_1_101' title='bbox 650 2807 839 2915; x_wconf 86' lang='lat' dir='ltr'>quamvis</span> <span class='ocrx_word' id='word_1_102' title='bbox 860 2805 1024 2888; x_wconf 87' lang='lat' dir='ltr'>nullum</span> <span class='ocrx_word' id='word_1_103' title='bbox 1046 2805 1172 2890; x_wconf 88' lang='lat' dir='ltr'>fuerit</span> <span class='ocrx_word' id='word_1_104' title='bbox 1290 2801 1293 2810; x_wconf 79' lang='grc'><strong><em>’</em></strong></span> 
     </span>
    </p>
   </div>
   <div class='ocr_carea' id='block_1_4' title="bbox 126 2941 1224 4564">
    <p class='ocr_par' dir='ltr' id='par_1_5' title="bbox 126 2941 1224 4398">
     <span class='ocr_line' id='line_1_18' title="bbox 126 2941 1170 3056; baseline 0.002 -34"><span class='ocrx_word' id='word_1_105' title='bbox 126 2941 257 3046; x_wconf 64' lang='lat' dir='ltr'>ulcus,</span> <span class='ocrx_word' id='word_1_106' title='bbox 277 2971 375 3024; x_wconf 86' lang='lat' dir='ltr'>cum</span> <span class='ocrx_word' id='word_1_107' title='bbox 393 2966 531 3033; x_wconf 83' lang='lat' dir='ltr'>tamen</span> <span class='ocrx_word' id='word_1_108' title='bbox 549 2945 639 3056; x_wconf 83' lang='lat' dir='ltr'>haec</span> <span class='ocrx_word' id='word_1_109' title='bbox 658 2941 783 3026; x_wconf 88' lang='lat' dir='ltr'>febris</span> <span class='ocrx_word' id='word_1_110' title='bbox 812 2942 1097 3024; x_wconf 80' lang='lat' dir='ltr'>interminanti</span> <span class='ocrx_word' id='word_1_111' title='bbox 1116 2944 1170 3028; x_wconf 84' lang='lat' dir='ltr'>si·</span> 
     </span>
     <span class='ocr_line' id='line_1_19' title="bbox 127 3078 1171 3188; baseline 0.002 -30"><span class='ocrx_word' id='word_1_112' title='bbox 127 3078 299 3160; x_wconf 89' lang='lat' dir='ltr'>millima</span> <span class='ocrx_word' id='word_1_113' title='bbox 317 3099 389 3182; x_wconf 87' lang='lat' dir='ltr'>est,</span> <span class='ocrx_word' id='word_1_114' title='bbox 417 3083 527 3188; x_wconf 81' lang='lat' dir='ltr'>aegri,</span> <span class='ocrx_word' id='word_1_115' title='bbox 544 3103 744 3164; x_wconf 88' lang='lat' dir='ltr'>eteorum</span> <span class='ocrx_word' id='word_1_116' title='bbox 763 3079 897 3180; x_wconf 87' lang='lat' dir='ltr'>amici,</span> <span class='ocrx_word' id='word_1_117' title='bbox 916 3103 1001 3158; x_wconf 91' lang='lat' dir='ltr'>non</span> <span class='ocrx_word' id='word_1_118' title='bbox 1016 3099 1171 3160; x_wconf 87' lang='lat' dir='ltr'>cessant</span> 
     </span>
     <span class='ocr_line' id='line_1_20' title="bbox 128 3201 1170 3326; baseline -0.001 -29"><span class='ocrx_word' id='word_1_119' title='bbox 128 3239 309 3324; x_wconf 82' lang='lat' dir='ltr'>expetere</span> <span class='ocrx_word' id='word_1_120' title='bbox 338 3219 417 3300; x_wconf 92' lang='lat' dir='ltr'>hoc</span> <span class='ocrx_word' id='word_1_121' title='bbox 445 3201 797 3301; x_wconf 84' lang='lat' dir='ltr'>medicamentum</span> <span class='ocrx_word' id='word_1_122' title='bbox 804 3253 815 3318; x_wconf 90' lang='lat'>;</span> <span class='ocrx_word' id='word_1_123' title='bbox 845 3213 959 3326; x_wconf 90' lang='lat' dir='ltr'>quod</span> <span class='ocrx_word' id='word_1_124' title='bbox 988 3217 1170 3297; x_wconf 88' lang='lat' dir='ltr'>medicus</span> 
     </span>
     <span class='ocr_line' id='line_1_21' title="bbox 128 3351 1171 3462; baseline 0 -28"><span class='ocrx_word' id='word_1_125' title='bbox 128 3377 296 3462; x_wconf 89' lang='lat' dir='ltr'>quoque</span> <span class='ocrx_word' id='word_1_126' title='bbox 307 3381 491 3462; x_wconf 84' lang='lat' dir='ltr'>suosaepe</span> <span class='ocrx_word' id='word_1_127' title='bbox 496 3355 655 3462; x_wconf 85' lang='lat' dir='ltr'>jndicio</span> <span class='ocrx_word' id='word_1_128' title='bbox 666 3355 837 3462; x_wconf 83' lang='lat' dir='ltr'>experiri</span> <span class='ocrx_word' id='word_1_129' title='bbox 849 3373 1049 3434; x_wconf 83' lang='lat' dir='ltr'>moretur.</span> <span class='ocrx_word' id='word_1_130' title='bbox 1091 3351 1171 3434; x_wconf 87' lang='lat' dir='ltr'>Sed</span> 
     </span>
     <span class='ocr_line' id='line_1_22' title="bbox 129 3491 1172 3600; baseline 0.001 -29"><span class='ocrx_word' id='word_1_131' title='bbox 129 3493 419 3597; x_wconf 81' lang='lat' dir='ltr'>agrotantium</span> <span class='ocrx_word' id='word_1_132' title='bbox 438 3515 477 3574; x_wconf 90' lang='lat' dir='ltr'>et</span> <span class='ocrx_word' id='word_1_133' title='bbox 500 3493 755 3575; x_wconf 86' lang='lat' dir='ltr'>medicorum</span> <span class='ocrx_word' id='word_1_134' title='bbox 774 3491 878 3574; x_wconf 83' lang='lat' dir='ltr'>rotis</span> <span class='ocrx_word' id='word_1_135' title='bbox 906 3515 1172 3600; x_wconf 86' lang='lat' dir='ltr'>nequaquam</span> 
     </span>
     <span class='ocr_line' id='line_1_23' title="bbox 128 3627 1172 3738; baseline 0.001 -29"><span class='ocrx_word' id='word_1_136' title='bbox 128 3653 198 3730; x_wconf 87' lang='lat' dir='ltr'>par</span> <span class='ocrx_word' id='word_1_137' title='bbox 224 3627 320 3710; x_wconf 82' lang='lat' dir='ltr'>fuit.</span> <span class='ocrx_word' id='word_1_138' title='bbox 379 3633 488 3711; x_wconf 90' lang='lat' dir='ltr'>Nam</span> <span class='ocrx_word' id='word_1_139' title='bbox 515 3631 620 3711; x_wconf 90' lang='lat' dir='ltr'>nihil</span> <span class='ocrx_word' id='word_1_140' title='bbox 648 3657 812 3738; x_wconf 86' lang='lat' dir='ltr'>prorsus</span> <span class='ocrx_word' id='word_1_141' title='bbox 846 3630 1037 3711; x_wconf 81' lang='lat' dir='ltr'>adversus</span> <span class='ocrx_word' id='word_1_142' title='bbox 1065 3627 1172 3710; x_wconf 80' lang='lat' dir='ltr'>hanc</span> 
     </span>
     <span class='ocr_line' id='line_1_24' title="bbox 128 3758 1170 3874; baseline 0.007 -33"><span class='ocrx_word' id='word_1_143' title='bbox 128 3758 285 3846; x_wconf 86' lang='lat' dir='ltr'>febrem</span> <span class='ocrx_word' id='word_1_144' title='bbox 303 3765 478 3874; x_wconf 86' lang='lat' dir='ltr'>proficit,</span> <span class='ocrx_word' id='word_1_145' title='bbox 505 3769 633 3850; x_wconf 88' lang='lat' dir='ltr'>modo</span> <span class='ocrx_word' id='word_1_146' title='bbox 650 3769 764 3849; x_wconf 86' lang='lat' dir='ltr'>nulla</span> <span class='ocrx_word' id='word_1_147' title='bbox 776 3767 902 3848; x_wconf 86' lang='lat' dir='ltr'>fuerit</span> <span class='ocrx_word' id='word_1_148' title='bbox 917 3766 1170 3848; x_wconf 82' lang='lat' dir='ltr'>exulceratio.</span> 
     </span>
     <span class='ocr_line' id='line_1_25' title="bbox 130 3901 1224 4014; baseline 0.003 -29"><span class='ocrx_word' id='word_1_149' title='bbox 130 3901 372 4012; x_wconf 81' lang='lat' dir='ltr'>Quinetiam</span> <span class='ocrx_word' id='word_1_150' title='bbox 389 3905 544 4013; x_wconf 77' lang='lat' dir='ltr'>idipsis</span> <span class='ocrx_word' id='word_1_151' title='bbox 563 3905 789 4014; x_wconf 73' lang='lat' dir='ltr'>gangraenis</span> <span class='ocrx_word' id='word_1_152' title='bbox 809 3905 926 3987; x_wconf 87' lang='lat' dir='ltr'>toties</span> <span class='ocrx_word' id='word_1_153' title='bbox 946 3929 1060 4012; x_wconf 87' lang='lat' dir='ltr'>spem</span> <span class='ocrx_word' id='word_1_154' title='bbox 1078 3925 1172 3984; x_wconf 89' lang='lat' dir='ltr'>nos-</span> <span class='ocrx_word' id='word_1_155' title='bbox 1222 3983 1224 3988; x_wconf 79' lang='grc'>,</span> 
     </span>
     <span class='ocr_line' id='line_1_26' title="bbox 128 4041 1174 4150; baseline 0.004 -32"><span class='ocrx_word' id='word_1_156' title='bbox 128 4057 234 4119; x_wconf 84' lang='lat' dir='ltr'>tram</span> <span class='ocrx_word' id='word_1_157' title='bbox 247 4041 444 4144; x_wconf 80' lang='lat' dir='ltr'>destituit,</span> <span class='ocrx_word' id='word_1_158' title='bbox 458 4065 506 4124; x_wconf 86' lang='lat' dir='ltr'>ut</span> <span class='ocrx_word' id='word_1_159' title='bbox 517 4043 695 4124; x_wconf 88' lang='lat' dir='ltr'>dubium</span> <span class='ocrx_word' id='word_1_160' title='bbox 710 4043 819 4124; x_wconf 92' lang='lat' dir='ltr'>sitin</span> <span class='ocrx_word' id='word_1_161' title='bbox 832 4041 919 4124; x_wconf 84' lang='lat' dir='ltr'>istis</span> <span class='ocrx_word' id='word_1_162' title='bbox 935 4041 1011 4150; x_wconf 92' lang='lat' dir='ltr'>qui</span> <span class='ocrx_word' id='word_1_163' title='bbox 1025 4061 1174 4122; x_wconf 76' lang='lat' dir='ltr'>conva-</span> 
     </span>
     <span class='ocr_line' id='line_1_27' title="bbox 129 4173 1175 4288; baseline 0.001 -33"><span class='ocrx_word' id='word_1_164' title='bbox 129 4173 306 4278; x_wconf 81' lang='lat' dir='ltr'>luerunt,</span> <span class='ocrx_word' id='word_1_165' title='bbox 324 4179 524 4262; x_wconf 84' lang='lat' dir='ltr'>sanitasne</span> <span class='ocrx_word' id='word_1_166' title='bbox 542 4181 595 4262; x_wconf 91' lang='lat' dir='ltr'>ad</span> <span class='ocrx_word' id='word_1_167' title='bbox 614 4180 710 4268; x_wconf 85' lang='lat' dir='ltr'>alias</span> <span class='ocrx_word' id='word_1_168' title='bbox 728 4179 864 4288; x_wconf 88' lang='lat' dir='ltr'>potius</span> <span class='ocrx_word' id='word_1_169' title='bbox 892 4203 1029 4260; x_wconf 87' lang='lat' dir='ltr'>causas</span> <span class='ocrx_word' id='word_1_170' title='bbox 1048 4173 1175 4257; x_wconf 84' lang='lat' dir='ltr'>fuerit</span> 
     </span>
     <span class='ocr_line' id='line_1_28' title="bbox 130 4309 347 4398; baseline 0.018 -4"><span class='ocrx_word' id='word_1_171' title='bbox 130 4309 347 4398; x_wconf 78' lang='lat' dir='ltr'>referenda</span> 
     </span>
    </p>

    <p class='ocr_par' dir='ltr' id='par_1_6' title="bbox 187 4447 1174 4564">
     <span class='ocr_line' id='line_1_29' title="bbox 187 4447 1174 4564; baseline -0.004 -28"><span class='ocrx_word' id='word_1_172' title='bbox 187 4447 445 4564; x_wconf 77' lang='lat' dir='ltr'>Quanquam</span> <span class='ocrx_word' id='word_1_173' title='bbox 457 4479 545 4539; x_wconf 93' lang='lat' dir='ltr'>non</span> <span class='ocrx_word' id='word_1_174' title='bbox 556 4453 690 4539; x_wconf 84' lang='lat' dir='ltr'>ausim</span> <span class='ocrx_word' id='word_1_175' title='bbox 700 4447 1174 4540; x_wconf 83' lang='lat' dir='ltr'>venditarevimcorticis</span> 
     </span>
    </p>
   </div>
   <div class='ocr_carea' id='block_1_5' title="bbox 0 0 1508 5086">
    <p class='ocr_par' dir='ltr' id='par_1_7' title="bbox 0 0 1508 5086">
     <span class='ocr_line' id='line_1_30' title="bbox 0 0 1508 5086; baseline 0 0"><span class='ocrx_word' id='word_1_176' title='bbox 0 0 1508 5086; x_wconf 95' lang='lat' dir='ltr'> </span> 
     </span>
    </p>
   </div>
  </div>
 </body>
</html>
