3016 5076
641 494 706 594 41

146 705 217 790 lati
231 727 330 790 runt
341 704 559 806 arderitici3
578 703 646 788 cui
664 731 914 813 consequens
927 705 1021 809 fuit,
1038 731 1087 792 ut
1100 734 1190 797 aro-

146 863 270 941 mata,
297 843 541 950 vinumque,
558 863 780 950 ceteraque
798 841 884 950 ejua
897 845 1054 950 generis
1074 847 1191 930 adhi-

146 981 355 1100 berentur,
379 980 510 1062 donec
528 979 667 1068 nullus
683 980 746 1060 rel
760 979 953 1081 remedio,
971 982 1034 1064 rel
1049 983 1194 1064 alleva-

146 1139 289 1202 mento
307 1118 419 1200 locnr
433 1115 719 1200 relicturereet.
778 1115 921 1228 Quem
941 1145 1108 1226 quoque
1121 1147 1195 1202 cu-

148 1254 350 1338 rationem
369 1254 492 1336 etiam
516 1253 570 1335 ad
586 1279 726 1334 reram
745 1253 1003 1336 arthritidem
1028 1277 1194 1342 tantum

149 1391 291 1474 auxilii
319 1389 547 1497 praclueeo
575 1415 663 1472 non
691 1411 806 1494 puto,
833 1407 1041 1496 quantum
1070 1391 1195 1482 detri-

150 1528 296 1626 menti,
327 1528 484 1608 doloree
516 1525 756 1649 febremque
789 1527 989 1634 augendo,
1020 1528 1097 1610 ubi
1124 1529 1194 1612 hic

151 1665 323 1748 morbua
338 1663 468 1748 fuerit
485 1661 589 1749 falco
609 1685 828 1770 suspectus.

165 1863 170 1878 .
199 1802 389 1884 Multum
399 1799 570 1908 quidem
581 1800 692 1882 abest
710 1823 758 1882 ut
770 1797 947 1907 podagra
958 1798 1011 1882 eit
1024 1799 1195 1890 morbur

153 1939 358 2038 incolitue5
376 1965 512 2046 neque
520 1959 656 2018 tamen
668 1937 823 2044 ubique
833 1937 1000 2020 obviam
1010 1935 1070 2038 fit,
1080 1936 1196 2046 quod

155 2075 364 2166 nonnullis
383 2075 545 2158 videtur
564 2103 812 2182 perunum.
870 2077 962 2156 Usu
974 2075 1118 2158 dottue
1133 2102 1197 2158 ra-

155 2211 367 2294 rissimum
384 2239 468 2294 eree
487 2212 727 2294 crediderim
740 2233 790 2294 ut
806 2212 885 2294 rub
903 2211 1035 2310 initio,
1050 2212 1195 2294 relictis

156 2349 340 2449 ortubus,
353 2349 579 2450 cerebmm,
597 2351 824 2456 pulmones,
837 2369 908 2430 aut
922 2349 1197 2433 ventriculum

158 2507 342 2592 occuper;
372 2513 612 2593 quanquam
638 2485 685 2566 in
705 2507 862 2567 vetusta
880 2483 1090 2568 arthritide
1118 2483 1197 2566 hoc

156 2621 365 2704 interdum
382 2622 608 2730 contigerit,
623 2645 664 2704 at
681 2625 871 2730 opinione
890 2623 1031 2704 rarius.
1089 2622 1196 2704 Ubi·

157 2785 322 2866 oroque
354 2781 493 2844 autem
523 2759 642 2842 dubii
680 2761 821 2860 timue,
855 2757 1019 2842 affertur
1051 2757 1199 2842 arthri-

158 2895 314 2977 ticusne
334 2897 401 2997 sit,
426 2921 481 2976 an
499 2923 549 2988 ex
567 2893 903 2996 inflammatione,
931 2896 1087 3003 quique
1108 2923 1200 3002 por-

159 3055 222 3114 cat
254 3031 500 3138 refrigerati3
530 3033 590 3115 ibi
615 3033 820 3140 praertabit
849 3033 1043 3132 cunctari,
1070 3033 1200 3114 donec

160 3169 209 3250 de
230 3194 377 3252 natura
394 3170 494 3252 mali
512 3171 758 3252 constiterit:
789 3171 954 3278 quodsi
973 3170 1201 3278 periculum

161 3331 333 3412 praecepr
352 3304 490 3408 fuerit,
507 3306 693 3388 erumnis
711 3335 836 3390 mora
848 3306 1201 3414 impatiena,longe

161 3442 423 3548 perniciosius
441 3443 518 3528 erit
535 3471 682 3526 venam
701 3471 787 3526 non
800 3443 976 3528 incidere
994 3443 1040 3524 in
1053 3443 1201 3526 morbo

160 3603 208 3658 er
226 3575 566 3682 inflammatione,
587 3607 716 3690 quam
734 3581 780 3662 in
810 3580 1020 3662 arthritide
1038 3579 1203 3686 sangui·

160 3741 259 3796 nem
285 3715 505 3800 detrahere.
563 3718 677 3800 Licet
694 3717 808 3799 enim
834 3717 880 3798 id
896 3717 1152 3824 improbetur
1179 3743 1205 3798 a

161 3849 437 3958 Sydenheriro,
460 3875 501 3936 et
520 3855 691 3961 quidem
709 3853 911 3962 plerisque
925 3853 1030 3936 foret
1048 3853 1206 3964 inutile,

160 4013 247 4068 non
266 4009 404 4070 tamen
422 4013 482 4072 ert
510 4017 668 4098 semper
685 4013 726 4074 et
743 3993 900 4098 ubique
919 3992 1203 4098 periculosum.
1235 4035 1238 4042 ,

162 4125 272 4208 Novi
302 4127 583 4234 podagricum,
612 4128 679 4210 cui
698 4129 744 4208 in
771 4155 884 4210 more
914 4129 1094 4236 positum
1123 4146 1207 4208 erat

163 4260 337 4368 einguliu
356 4265 493 4346 morbi
521 4263 815 4347 acessionibus
835 4293 983 4348 venam
1005 4261 1207 4362 incidere3

167 4400 283 4506 quod
303 4427 370 4484 rer
388 4424 429 4486 et
453 4401 622 4511 triginta
640 4429 767 4490 annos
786 4401 915 4488 facere
934 4419 1206 4508 consueuerat.
