2990 5078
784 501 851 604 86

296 738 418 824 atque
447 715 569 798 altera
589 737 822 824 aegrotante,
852 713 897 796 in
918 715 1039 797 altera
1066 741 1151 798 esse
1178 743 1342 812 cansam

297 854 433 935 morbi
446 881 570 961 posse.
614 853 770 934 Sanatis
785 853 992 954 ulceribus
1005 854 1222 956 veteribus,
1235 855 1343 938 aliis·

297 1019 379 1097 que
393 991 496 1073 cutis
509 991 631 1093 vitiis,
650 1013 721 1073 aut
732 989 951 1073 menstruis
965 989 1237 1072 foeminarum
1250 1019 1341 1100 per-

297 1111 483 1230 tu'rbatis,
503 1129 692 1212 credibile
711 1151 770 1210 est
781 1129 1058 1210 ventriculum
1076 1128 1261 1235 primum
1281 1129 1343 1210 af·

297 1263 379 1365 fici,
390 1287 430 1346 et
443 1295 491 1347 ex
503 1265 580 1348 hoc
592 1266 737 1347 deinde
753 1267 798 1346 ln
818 1287 939 1372 caput
957 1243 1115 1345 malum
1130 1267 1311 1348 transire.

298 1423 302 1432 '
352 1405 535 1513 Plerique
547 1403 685 1511 capitis
699 1403 855 1485 dolores
872 1424 1016 1484 vacant
1031 1403 1208 1510 periculo
1222 1439 1234 1504 ;
1263 1404 1342 1486 ubi

296 1563 434 1622 autern
460 1541 511 1622 ad
539 1541 612 1621 hos
637 1541 827 1622 accedant
851 1563 1006 1646 stupor,
1032 1561 1103 1621 aut
1129 1540 1221 1621 colll
1245 1539 1344 1622 uni·

295 1679 400 1760 versi
419 1701 570 1777 tumor,
590 1699 669 1758 ¹aut
687 1677 836 1759 mentis
868 1677 1067 1777 alienatio,
1095 1699 1166 1758 aut
1187 1677 1351 1800 disten-x

165 1888 171 1896 .
297 1818 425 1913 tiones
435 1815 730 1914 membrorum,
742 1841 802 1894 res
816 1814 912 1920 aegri
922 1796 1184 1922 nequaquam
1196 1814 1342 1896 intuto

298 1975 411 2052 sunt;
439 1951 677 2058 hujusmodi
706 1950 818 2031 enim
851 1951 957 2030 mala
990 1951 1211 2031 subsecutae
1243 1974 1343 2032 sunt

298 2089 508 2202 epilepsia,
534 2089 745 2197 paralyses,
773 2107 814 2167 et
833 2087 1058 2194 apoplexiae

356 2227 416 2306 Ex
435 2225 639 2332 cephalaeis
660 2221 878 2305 mortiferis
897 2224 1125 2325 nonnullae,
1144 2225 1258 2332 quod
1276 2225 1342 2309 in-

300 2384 434 2470 specto
454 2385 544 2469 post
563 2383 738 2442 mortem
764 2361 926 2442 cerebro
946 2361 1085 2462 didici,
1114 2383 1210 2442 ortae
1242 2385 1341 2444 sunt

268 2597 276 2604 ¹
298 2527 348 2579 ex
365 2498 521 2608 ingenti
540 2498 652 2606 copia
671 2497 856 2578 humoris
877 2499 1088 2578 cerebrum
1107 2497 1341 2580 distenden-

298 2637 364 2733 tis,
394 2637 524 2718 velex
546 2635 728 2741 partibus
756 2633 909 2715 cerebri
933 2633 1177 2740 suppuratis,
1201 2636 1266 2716 vel
1292 2665 1342 2718 ex

159 2825 170 2840 κ
299 2773 531 2864 tumoribus
545 2773 588 2851 in
603 2772 672 2851 illo
685 2771 807 2870 natis,
836 2770 946 2852 unde
958 2770 1091 2877 primo
1106 2770 1222 2851 dolor
1236 2771 1342 2852 euci-¹

300 2927 406 2988 tatus
422 2929 493 3008 est,
512 2931 550 2988 et
565 2930 712 3014 postea,
726 2905 1179 2994 cerebrovebementius
1192 2934 1342 3014 presso,

297 3071 523 3125 nervorum
535 3043 739 3125 facultates
753 3065 823 3124 aut
839 3041 1014 3124 turbatae
1027 3064 1138 3142 sunt,
1156 3065 1227 3123 aut
1237 3043 1343 3150 peri-

300 3203 431 3263 erunt.
461 3179 1343 3287 Multahucpertinentiainscriptismedico-

300 3345 397 3398 rum
416 3318 684 3424 reperiuntur,
712 3345 817 3424 quae,
846 3345 943 3398 eum
962 3315 1067 3397 mibi
1086 3317 1340 3424 propositum

300 3478 360 3534 est
374 3455 585 3535 historiam
599 3431 842 3534 morborum
854 3453 978 3534 literis
995 3453 1200 3554 mandare,
1218 3481 1342 3539 nona

301 3591 429 3691 libris,
447 3592 516 3672 sed
535 3621 559 3672 a
577 3613 722 3673 natura
736 3591 918 3698 petitam,
937 3589 1095 3672 silentio
1114 3593 1338 3698 praeteribo.

356 3729 472 3810 Adeo
484 3729 588 3810 nihil
597 3751 839 3836 perpetuum
852 3751 911 3810 est
922 3729 966 3808 in
974 3729 1180 3813 curatione
1192 3717 1343 3810 borum

301 3867 558 3984 morborum,
572 3887 619 3946 ut
638 3866 776 3948 eadem
791 3865 893 3946 ratio
911 3865 1115 3965 medendi,
1133 3867 1245 3946 nulla
1257 3895 1342 3950 mas

302 4003 449 4085 nifesta
476 4005 526 4085 de
546 4031 677 4104 causa,
705 4003 882 4084 diversos
903 4003 1032 4108 plane,
1064 4023 1104 4083 et
1122 4003 1342 4086 contrarios

300 4142 430 4223 exitus
452 4141 610 4243 habeat,
638 4165 678 4222 et
697 4137 821 4220 modo
851 4141 967 4239 levet,
995 4139 1120 4220 modo
1142 4163 1343 4248 exasperet

301 4279 458 4359 dolores
489 4307 559 4386 per
585 4277 736 4378 omnia,
765 4299 813 4358 ut
836 4277 974 4358 visum
1001 4299 1073 4375 est,
1101 4277 1339 4358 simillimos.

302 4413 509 4532 Quanam
526 4415 664 4524 itaque
680 4441 773 4496 vera
792 4413 844 4496 sit
858 4414 961 4516 ratio
976 4413 1145 4515 sanmdi
1157 4413 1269 4496 hunc
1284 4413 1342 4513 ab
