3050 5084
663 306 767 474 413

187 609 364 700 cruenta
396 607 692 685 numerantur;
724 612 815 694 quae
845 611 949 666 verae
978 583 1074 686 sint,
1100 611 1242 692 necne,

187 725 367 820 viderint
386 725 464 804 alii.
524 725 634 804 Inter
654 749 794 827 aegros,
812 749 915 830 quos
931 705 1015 830 ipae
1030 721 1130 826 vidi,
1144 717 1241 806 tales

190 888 296 950 certe
313 891 530 970 nunquam
547 835 790 942 inciderunt.

249 1000 395 1114 Quies,
413 1021 453 1080 et
472 998 617 1104 frigus,
636 1021 676 1078 et
690 986 804 1078 alvus
825 973 1008 1100 solutior,
1027 1017 1125 1080 aunt
1143 1023 1244 1106 prae·

190 1139 310 1246 cipue
329 1137 453 1244 hujus
475 1137 573 1217 mali
592 1135 752 1218 auxilia.

516 1337 918 1364 m
970 1357 975 1368 ,
1002 1351 1008 1365 .
1072 1341 1078 1350 ·

600 1463 707 1548 CAP.
733 1465 826 1546 102.

517 1627 581 1706 De
602 1623 758 1708 Morbis
781 1621 913 1709 Uteri.

300 1565 306 1582 ι

269 1603 285 1636 l

249 1811 337 1895 Uol
360 1811 520 1918 vagina,
539 1833 610 1892 aut
629 1833 767 1893 uterus
789 1811 1030 1918 prolabitur,
1058 1811 1247 1895 nonnisi

194 1952 369 2060 pessario
390 1949 682 2054 sanaripotest.
741 1951 854 2032 Huic
870 1950 971 2030 vitio
989 1947 1073 2060 fere
1090 1941 1247 2033 accedit

193 2088 490 2170 incontinentia
509 2087 652 2168 urinae.
1122 2101 1124 2106 '

250 2225 447 2306 Foeminis
483 2223 735 2332 quibusdam
768 2224 940 2330 contigit
970 2225 1245 2332 repentinum,

194 2367 329 2470 neque
359 2363 556 2469 exiguum
586 2391 703 2469 aquae
737 2389 785 2442 ex
815 2384 931 2447 utero
965 2357 1245 2468 profluvium

196 2502 311 2608 quod
327 2503 451 2582 etiam
479 2501 524 2580 in
544 2502 684 2580 eadem
716 2501 860 2605 eaepius
880 2499 1011 2582 rediit.
1071 2503 1165 2582 Hoc
1196 2497 1246 2582 fit

195 2640 439 2746 plerumque
460 2639 597 2718 statim
626 2649 720 2744 post-
736 2661 1045 2718 menstruorum
1070 2659 1246 2744 tempus,

195 2799 236 2858 et
256 2805 353 2858 cum
371 2777 440 2856 illa
459 2803 582 2882 prope
602 2799 700 2856 sunt
728 2773 936 2857 adfinem.
993 2775 1118 2856 Vires¹
1141 2775 1240 2858 inde

199 2915 380 2994 multum
399 2911 703 2993 labefactantur.
1128 2889 1131 2900 ¹
1310 2896 1311 2902 Ν

254 3051 469 3133 Interdum
487 3049 531 3132 in
546 3073 677 3149 utero,
695 3069 766 3130 aut
781 3048 939 3154 vagina,
954 3047 1133 3130 nascitur
1152 3075 1248 3132 caro

197 3186 451 3297 pyriformis‚
473 3187 596 3298 cujus
635 3213 725 3294 pars
755 3187 965 3292 angustior
1002 3215 1101 3268 curn
1127 3210 1246 3270 utero
1284 3179 1285 3184 Ν

160 3305 171 3320 ’
196 3325 383 3410 cohaeret.
441 3327 543 3406 Haec
563 3325 729 3404 tandem
748 3325 847 3406 adeo
873 3313 1056 3430 augetur,
1075 3345 1122 3405 ut
1140 3325 1246 3406 dum

198 3465 312 3542 alvus
328 3491 426 3542 cum
438 3463 574 3568 aliqua
587 3463 844 3543 contentione
858 3461 1042 3562 solvitur,
1056 3489 1147 3568 pars
1160 3462 1245 3568 ejus

199 3623 311 3681 extra
325 3600 523 3680 naturalia
538 3599 761 3680 descendat.
820 3599 981 3705 Vagina
991 3621 1115 3706 atque
1129 3621 1247 3680 utero

200 3737 256 3818 sic
276 3735 468 3838 diductio,
482 3733 530 3818 fit
543 3735 655 3844 jugis
671 3735 879 3818 distillatio
893 3737 1061 3837 cruoris,
1079 3757 1165 3817 non
1180 3763 1248 3818 co-

199 3873 380 3955 hibenda
407 3873 535 3956 donec
559 3873 646 3954 haec
674 3901 767 3956 caro
788 3859 947 3956 sublata
975 3873 1111 3956 fuerit.
1168 3875 1249 3957 Vir

200 4013 297 4094 artis
316 4012 556 4095 obstetricia
586 4013 853 4120 peritissimus
874 4013 979 4094 mihi
1007 4011 1133 4094 fidem
1151 4011 1250 4096 fecit

202 4179 244 4233 oe
259 4149 406 4260 viginti
425 4149 617 4280 foenrioas
633 4149 711 4236 hoc
727 4149 827 4234 vitio
842 4149 1041 4253 liberasse,
1054 4149 1124 4232 filo
1136 4121 1251 4233 corn·r
