3050 5084
726 480 728 486 ¹
801 493 903 590 358

336 699 591 781 videbantur.
649 699 699 782 In
719 697 843 780 altero
862 725 910 778 ex
929 695 992 777 his
1013 693 1146 803 pueris
1165 693 1248 776 cibi
1267 693 1381 802 cupi-

218 888 225 909 =
336 837 440 918 ditae
460 857 544 918 erat
571 826 745 916 naturali
764 833 916 941 major:
946 833 1069 914 ambo
1095 853 1209 914 erant
1233 831 1383 932 tenuis,

339 1001 410 1054 seu
429 971 563 1078 potius
593 971 745 1074 nullius
764 969 1020 1070 valetudinis,
1047 989 1088 1050 et
1111 969 1240 1051 indier
1266 966 1383 1049 infir-

339 1111 486 1192 miores
505 1106 614 1207 facti,
633 1107 748 1188 brevi
768 1106 985 1213 perierunt.

395 1247 595 1328 Tumores
614 1245 754 1325 molles
775 1243 826 1324 ad
845 1242 1174 1350 magnitudinem
1193 1241 1284 1350 pisi,
1312 1263 1385 1351 aut

340 1384 462 1492 paulo
480 1381 728 1488 grandiores,
755 1401 795 1462 et
814 1379 899 1490 sine
917 1379 1069 1480 dolore,
1096 1407 1207 1460 nunc
1227 1379 1273 1460 in
1291 1379 1387 1482 brag

339 1520 439 1602 chiis
458 1517 641 1618 fuerunt,
659 1517 753 1598 alias
766 1516 813 1596 in
831 1517 1039 1618 malleolis,
1066 1515 1230 1616 cubitis,
1246 1535 1287 1595 et
1315 1542 1385 1622 ge-

340 1652 682 1754 nubus,noneine
695 1651 1238 1760 suspicionelabirllenereae.
1281 1649 1385 1730 Vidi

340 1789 581 1897 hujusmodi
610 1811 789 1871 tumores
818 1789 864 1868 in
882 1787 1075 1888 brachiis,
1103 1787 1177 1895 qui
1204 1807 1297 1894 post
1315 1813 1386 1866 sex

341 1955 469 2012 annos
488 1948 756 2009 recesserunt:
786 1924 830 2006 in
845 1925 930 2006 aliie
946 1945 1083 2008 autem
1101 1924 1240 2006 decem
1254 1949 1383 2004 annor

343 2085 658 2174 perseverarunt
809 2059 812 2066 ’

768 2271 1065 2286 nunu-nm

667 2279 730 2289 ι-ο-
739 2277 766 2286 ..-

763 2411 870 2493 Cne.
893 2407 959 2494 86.

694 2569 762 2654 De
781 2573 1038 2682 Stranguriu.

340 2777 353 2786 ·
397 2731 728 2829 Seleucum,
748 2731 830 2812 rive
849 2731 990 2815 crebra
1002 2754 1042 2813 et
1060 2757 1208 2840 urgens
1226 2729 1386 2839 cupidi·

347 2889 407 2950 tas
426 2867 570 2968 urinae,
588 2896 686 2950 cum
704 2895 869 2950 summo
881 2868 1033 2969 dolore,
1050 2867 1259 2950 interdum
1278 2866 1326 2950 fit
1335 2897 1386 2950 ex

344 3005 597 3112 graviditate,
611 3033 712 3112 saepe
732 3033 780 3086 ex
795 3006 949 3087 morbis
967 3006 1087 3107 uteri,
1100 3027 1299 3113 prostatae,
1312 3027 1384 3088 eut

343 3143 507 3256 vesicam
536 3141 703 3223 initium
734 3169 899 3250 quoque
928 3143 1043 3225 ducit
1069 3169 1118 3224 ex
1141 3143 1381 3226 stercoribus

343 3277 458 3359 duris
476 3299 633 3359 rectum
647 3277 886 3359 intestinum
902 3279 1180 3386 implentibus,
1195 3301 1235 3362 et
1249 3279 1301 3360 ab
1320 3279 1382 3394 in·

212 3499 214 3507 ,
337 3415 458 3523 juriis
470 3413 642 3496 urethrae
654 3413 769 3496 factis
785 3417 1060 3517 metentibus,
1071 3419 1135 3498 vel
1146 3415 1309 3519 crebris,
1320 3412 1383 3496 vel

306 3532 308 3538 ¹
344 3552 449 3634 male
468 3552 614 3634 curatis
631 3553 899 3658 gonorrhoeis.

402 3687 642 3802 Quinetiam
672 3691 860 3770 nonnulli
897 3689 980 3772 cibi
1013 3711 1151 3772 ortum
1184 3689 1384 3772 dederunt

344 3826 443 3910 huic
461 3828 583 3926 malo,
594 3849 634 3908 et
648 3827 834 3934 quaedam
847 3825 1158 3925 medicamenta3
1187 3827 1302 3933 cujus
1317 3855 1384 3934 ge·

345 3963 451 4046 neris
471 3986 567 4046 sunt
586 3964 712 4073 piper,
726 3989 862 4044 semen
878 3961 1072 4072 sinapios„
1081 3963 1197 4044 radix
1215 3963 1382 4071 raphani

344 4100 552 4199 rusticani,
579 4123 618 4181 et
637 4101 712 4180 alia
731 4100 835 4180 acria
861 4127 952 4210 quae
971 4129 993 4181 e
1012 4121 1117 4182 terra
1144 4099 1384 4207 gignuntur,

297 4235 303 4238 ’
342 4239 441 4322 item
454 4239 549 4320 vina
560 4264 708 4344 aspera.
767 4237 1013 4318 Kaliac‘etati
1027 4237 1384 4320 drachmaeaexex-

343 4375 521 4458 citarunt
540 4373 652 4458 hunc
670 4373 866 4476 dolorem,
885 4373 1000 4483 quod
1013 4373 1096 4456 fere
1115 4401 1272 4484 semper
1288 4373 1382 4458 fecit
