3104 5084
568 594 573 604 .
678 472 781 576 aas

191 679 406 782 nonnulli,
424 676 573 762 mentis
591 677 753 786 integri,
768 699 877 795 artus
897 677 975 760 sibi
995 679 1139 762 resolvi
1152 703 1247 766 aen-

190 817 339 902 -serint
368 817 463 898 Vox
474 815 704 898 balbutiens
717 836 757 898 et
767 815 1033 922 inexplanata,
1043 839 1246 923 veternus,

167 949 185 964 ”
200 954 399 1056 memoria
412 953 552 1072 labans
567 953 631 1035 rel
645 951 803 1053 amissa,
818 953 903 1034 leva
917 953 1122 1057 delirium,
1134 957 1244 1038 oculi

142 1125 146 1132 ·
192 1092 427 1198 ‚caligantes
454 1091 519 1172 vel
537 1089 593 1171 sic
612 1086 744 1170 affecti
762 1111 891 1171 utres
910 1117 1051 1173 omnes
1062 1071 1243 1178 ''temant

196 1221 1239 1337 duplicatas,trem0r‚t0rporsensimad'caputascen·
1371 1325 1375 1330 ¹

193 1365 309 1468 dens,
332 1365 472 1448 crebra
489 1363 686 1464 oscitatio,
712 1361 912 1464 debilitas,
939 1363 1019 1466 otis
1038 1365 1239 1470 distortio,

192 1501 339 1584 animat
358 1481 747 1602 deficientis'metus,
775 1522 871 1582 sunt
888 1499 958 1582 illa
975 1500 1104 1608 signa,
1131 1531 1239 1611 quo·

191 1664 291 1722 rum
307 1639 506 1722 nonnulla
523 1666 669 1745 paucas
694 1635 827 1740 horas,
854 1637 919 1718 vel
936 1637 1059 1719 etiam
1073 1667 1234 1747 ,paucos

188 1775 276 1858 dies
291 1776 494 1885 paralysin
508 1796 813 1880 antecesserunt.
864 1773 1106 1886 Quinetiam
1120 1776 1235 1860 debi-

188 1913 280 1998 litas
294 1913 357 1996 vel
370 1911 494 1996 unius
506 1911 697 2014 membri,
708 1912 771 1994 vel
783 1912 959 2020 corporis
972 1912 1147 2028 dimidii,
1161 1941 1233 2024 per

187 2049 342 2134 multos
373 2077 543 2152 menses,
569 2071 641 2132 aut
659 2041 794 2131 'etiam
810 2073 891 2158 per
917 2049 1074 2158 aliquot
1102 2079 1231 2136 annos

44 2251 48 2262 ,
186 2187 385 2296 paulatim
400 2209 530 2288 aucta,
544 2185 710 2268 tandem
724 2185 1269 2274 desiitinconsummatam,

184 2323 484 2431 hemiplegiam.
542 2323 746 2412 Sensuum
759 2323 952 2434 vocisque
966 2325 1138 2432 privatio
1150 2348 1231 2408 ter-

185 2461 248 2548 tio
266 2483 358 2573 post
379 2461 445 2544 die
463 2482 678 2544 consecuta
702 2483 762 2544 est
781 2483 1008 2562 veternum,
1033 2483 1073 2545 et
1090 2463 1229 2547 visum

183 2595 761 2711 duplicemcumvehemente
772 2597 911 2704 capitis
923 2598 1075 2700 dolore,
1085 2621 1125 2682 et
1138 2628 1229 2682 sen-

183 2765 236 2821 su
251 2758 450 2846 tanquam
460 2733 591 2816 fasciae
603 2735 706 2816 illud
719 2735 1050 2844 comprimentis3
1079 2760 1226 2846 quarto

184 2895 325 2958 autem
335 2845 726 2980 dieaegerextintius
739 2893 808 2954 est
844 2871 893 2954 In
908 2873 1090 2980 quodam
1105 2903 1226 2982 aegro,

150 3099 153 3106 .
182 3013 321 3122 primo
339 3011 404 3092 die
418 3038 565 3092 manus
583 3009 751 3116 torpuit,
767 3007 946 3090 ‘secundo
967 3009 1108 3116 lingua
1119 3009 1226 3096 facta

181 3171 244 3234 est
262 3147 529 3256 inexplanata,
556 3131 675 3230 tertio
694 3145 856 3229 accessit
875 3147 1087 3256 paralysis.
1146 3150 1226 3230 Hi-
1334 3153 1338 3160 ⁴

181 3285 308 3372 storia
324 3281 535 3366 medicinae
550 3283 668 3392 plena
685 3304 745 3366 est
761 3283 1000 3390 hujusmodi
1018 3287 1223 3393 exemplis.

177 3423 309 3506 Mioae
325 3422 547 3530 paralyseos
562 3421 760 3514 invasura
776 3417 1026 3504 secesserunt
1043 3443 1084 3504 et
1097 3448 1223 3506 reces-

178 3583 322 3648 serunt
345 3557 569 3642 identidem
587 3585 658 3666 per
688 3556 844 3666 aliquot
862 3557 996 3658 horas,
1022 3582 1222 3668 tanquam

178 3697 347 3784 certatio
363 3695 553 3805 quaedam
566 3715 667 3776 esset
680 3694 839 3800 corpori
853 3721 951 3776 cum
965 3675 1126 3798 morbo,
1140 3697 1222 3804 pri·

176 3861 360 3944 usquam
380 3833 445 3914 vel
473 3831 607 3912 minae-
627 3829 703 3912 illae
734 3827 859 3915 finitae
890 3830 985 3932 sint,
1013 3833 1075 3914 vel
1105 3833 1222 3918 nervi

176 3971 356 4056 resoluti.
424 3969 587 4052 Pondus
626 3967 781 4076 capitis,
800 4073 803 4082 .
821 3967 886 4051 vel
921 3967 1038 4050 dolor
1072 3971 1222 4075 gravis,

66 4103 79 4126 '
175 4112 243 4194 vel
260 4134 399 4192 sensus
417 4105 549 4188 fasciae
568 4127 690 4212 caput
708 4105 1028 4212 comprimentis,
1046 4107 1216 4214 vertigo,

174 4269 372 4356 torpores,
391 4271 505 4328 aures
519 4245 631 4328 intus
650 4221 850 4344 sonantes,
868 4264 908 4324 et
926 4243 1056 4326 crebri
1069 4265 1217 4328 sursus

175 4383 386 4492 sanguinis
403 4409 453 4470 ex
471 4381 638 4496 naribus
656 4379 703 4462 in
720 4378 868 4474 adultis
887 4401 959 4466 aut
976 4381 1217 4484 senioribus,

682 4541 711 4606 U
