3002 5086
618 515 718 612 ms
747 637 760 650 ,

142 747 181 810 s'e
191 725 406 826 intestinis
420 745 460 805 et
473 743 594 830 rupto
609 725 794 805 abscessu
809 747 884 829 pus
897 722 942 804 in
955 745 1001 805 ea
1013 709 1180 826 feratur,

53 881 56 895 '
141 891 243 971 aeger
270 864 378 943 illico
401 860 532 941 vomit
560 888 604 940 ac
632 860 769 966 dejicit
796 859 1013 941 humorem
1041 887 1178 942 atrum

140 1000 341 1080 teterrime
361 999 549 1094 olentem,
566 1017 607 1076 et
625 996 732 1076 intra
750 1023 894 1101 paucas
915 995 1032 1076 horas
1054 998 1178 1076 mori-

81 1219 83 1226 ,
139 1157 219 1216 tur.
264 1135 475 1215 Interdum
487 1131 818 1218 inflammationis
833 1133 940 1213 sedes
954 1133 1086 1212 vicina
1098 1132 1179 1214 fuit
1247 1181 1252 1196 ·

138 1273 280 1379 parieti
299 1272 543 1372 abdominis,
561 1272 628 1352 cui
647 1271 812 1351 tandem
832 1271 1011 1370 adhaesit,
1029 1295 1069 1352 et
1088 1247 1177 1352 abs-

139 1437 252 1490 cessu
279 1407 387 1490 facto
405 1432 544 1490 tumor
573 1409 787 1489 assurrexit
805 1407 1062 1510 extrinsecus,
1092 1437 1179 1516 quo

139 1568 260 1654 rupto
280 1575 366 1628 non
379 1547 523 1652 exigua
542 1547 656 1652 copia
669 1545 854 1626 humoris
870 1543 1033 1626 effluere
1047 1574 1177 1652 perse-

139 1683 293 1764 veravit
304 1683 469 1764 diutius.
513 1683 717 1795 Quaedam
729 1683 1077 1789 quinquagenaria
1089 1657 1179 1788 gra-

139 1819 240 1901 viter
255 1821 473 1926 agrotabat
492 1819 630 1901 decem
649 1819 732 1900 dies
750 1847 847 1902 cum
874 1819 1012 1900 dolore
1026 1820 1177 1900 ventri-

140 1957 232 2056 culi,
261 1957 457 2062 singultu,
490 1958 579 2036 alvo
599 1956 702 2056 fusa,
731 1977 852 2063 atque
872 1956 1016 2035 animae
1045 1955 1176 2036 defec-

139 2092 333 2194 tionibus,
361 2115 400 2173 et
428 2121 531 2198 aegre
560 2093 743 2176 restituta
766 2115 825 2172 est
837 2125 853 2172 ι.
877 2113 967 2198 post
995 2119 1176 2172 mensem

138 2252 277 2311 tumor
292 2253 405 2310 ortus
424 2253 483 2310 est
502 2258 625 2336 prope
644 2230 904 2330 umbilicum,
924 2230 993 2335 qui
1016 2251 1174 2336 apertus

137 2367 318 2447 multum
337 2365 521 2446 humoris
537 2364 632 2448 flavi
647 2365 831 2474 profudit
850 2367 894 2446 in
913 2387 1090 2473 quatuor
1105 2395 1176 2446 an-

136 2531 208 2584 nos
215 2539 227 2604 3
254 2505 400 2584 deinde
411 2505 528 2585 dolor
540 2525 679 2585 auctus
691 2527 751 2585 est
762 2533 859 2585 cum
871 2531 1017 2584 nausea
1032 2526 1070 2582 et
1082 2503 1176 2582 hor-

136 2667 238 2740 rore,
257 2662 402 2745 etpost
417 2669 563 2747 paucos
580 2641 663 2722 dies
679 2641 774 2722 exiit
788 2641 962 2720 calculus
978 2639 1079 2720 fellis
1096 2662 1174 2722 tres

135 2776 296 2882 pollices
334 2778 493 2881 longus,
526 2777 779 2886 totidemque
813 2777 985 2875 ambitu,
1019 2777 1175 2882 quique

135 2913 336 3020 pendebat
363 2939 488 3018 grana
508 2939 672 2997 ccxcv:
703 2915 854 2994 humor
882 2912 1013 2994 tenuis
1043 2911 1173 2991 flavus

134 3049 422 3155 copiosissime,
434 3053 626 3132 manabat
645 3079 722 3157 per,
742 3050 825 3132 dies
846 3048 1172 3157 quatuordecim:

134 3187 249 3268 brevi
264 3209 399 3294 postea
411 3189 525 3268 ulcus
546 3211 733 3268 sanatum
745 3209 816 3286 est,
835 3210 875 3268 et
888 3187 1062 3266 foemina
1081 3187 1174 3267 satis

133 3325 347 3408 commode
362 3325 529 3406 valebat.
586 3329 696 3406 Patet
715 3326 931 3406 vesiculam
949 3323 1108 3404 felleam
1126 3324 1174 3404 in

131 3460 207 3541 hac
222 3489 329 3566 aegra
341 3459 464 3542 fuisse
479 3459 789 3562 inflammatam,
808 3485 847 3544 et
862 3463 956 3542 dein
974 3462 1175 3544 exulcera-

133 3619 229 3696 tam.
262 3599 321 3678 Ex
334 3597 381 3677 iis
395 3625 497 3706 quos
511 3600 732 3705 suspicatus
745 3628 839 3680 sum
851 3596 1174 3680 inflammatione

125 3733 319 3839 jecinoris
349 3734 541 3833 laborare,
571 3736 741 3842 quidam
770 3737 877 3816 intra
913 3735 1053 3816 decem
1090 3735 1173 3815 dies

130 3871 288 3953 mortui
317 3895 425 3974 sunt,
453 3875 520 3954 alii
553 3902 649 3956 cum
678 3876 824 3956 morbo
856 3903 929 3968 ,suo
954 3872 1173 3954 conflictati

130 4030 230 4088 sunt
247 4007 350 4088 duos
370 4037 537 4092 menses.
597 4013 721 4093 Leves
741 4012 887 4093 mentis
903 4011 1174 4108 alienationes,

128 4165 172 4224 et
190 4145 294 4226 cutis
310 4145 433 4226 modo
445 4148 565 4248 lutea,
583 4151 708 4228 modo
723 4149 865 4229 coloris
885 4146 1091 4245 naturalis,
1111 4145 1172 4224 in-

126 4279 295 4362 terdum
309 4283 480 4387 pustulis
500 4305 650 4382 notata,
670 4285 736 4400 his
753 4285 867 4392 aegris
886 4285 1058 4368 fuerunt
1072 4309 1172 4392 prae-

126 4437 193 4498 ter
210 4421 447 4502 communia
464 4419 645 4505 febrium
665 4421 790 4530 signa.
