3104 5084
676 525 776 637 287

206 755 355 834 untur,
366 731 491 812 modo
504 731 602 813 adeo
615 731 917 838 perturbantur,
928 751 976 812 ut
987 725 1088 812 fiant
1101 731 1245 834 tristes,

205 869 319 968 fatui,
339 869 401 950 vel
416 897 580 974 prorsus
600 868 744 948 insani.
805 867 935 960 Modo
950 867 1105 948 insania
1123 891 1163 950 et
1177 898 1246 976 pa-

206 1005 344 1114 ralysis
382 1005 559 1088 eundem
597 1005 774 1086 vicissim
818 1027 1126 1110 occupaverunt.
1197 1008 1247 1086 In

204 1140 410 1222 nonnullis
434 1141 620 1248 epilepsia
634 1163 719 1220 tarn
749 1168 872 1246 prope
892 1141 1003 1220 abest
1018 1169 1042 1219 a
1060 1141 1247 1250 paralysi,

205 1299 252 1358 ut
269 1275 432 1358 difficile
457 1277 570 1358 dictu
590 1278 640 1358 sit
659 1277 710 1358 ad
739 1299 883 1356 utrum
912 1259 1108 1358 morbum
1130 1277 1245 1385 signa

205 1415 286 1496 sint
299 1395 522 1498 ⁴referenda.
579 1414 694 1496 Idem
714 1413 800 1520 pari
813 1413 907 1520 jure
935 1412 1016 1494 dici
1035 1435 1166 1521 potest
1196 1419 1245 1498 do

206 1551 363 1634 Clz‘orea
383 1551 524 1632 Sancti
545 1551 640 1632 Viti.

260 1685 454 1795 Paralysis
465 1687 641 1780 maxime
653 1685 810 1768 invadit
821 1685 923 1786 illos,
934 1686 1009 1792 qui
1023 1707 1135 1770 aetate
1149 1707 1245 1771 sunt
1361 1733 1366 1742 ·

203 1822 409 1922 inclinata,
424 1851 687 1932 quorumque
706 1823 809 1906 vires
830 1843 1043 1923 senectute,
1058 1823 1121 1904 vel
1135 1851 1246 1906 mor·
1341 1813 1344 1820 ¹

204 1958 268 2040 bis
282 1958 418 2042 fractae
436 1959 618 2042 fuerunt.
677 1963 820 2067 Neque
834 1981 972 2040 tamen
984 1958 1167 2066 juniores
1186 1941 1245 2044 se-
1318 2039 1323 2050 .

205 2096 296 2178 curi
307 2118 403 2178 sunt
418 2097 469 2178 a'b
488 2095 563 2178 hac
578 2119 698 2204 peste,
713 2095 912 2203 praecipue
929 2095 961 2176 si
980 2123 1004 2176 a
1022 2095 1245 2203 majoribus

203 2234 432 2344 paralyticis
452 2235 531 2316 orti
550 2235 644 2334 sint,
663 2233 726 2315 vel
744 2234 865 2334 curis,
884 2253 957 2314 aut
974 2233 1246 2341 intemperan-

204 2372 263 2454 tia
274 2371 549 2454 valetudinem
561 2371 825 2478 corruperint.
884 2371 1000 2452 Pueri
1013 2392 1054 2452 et
1067 2373 1246 2478 puellaea

203 2531 306 2590 natu
325 2537 455 2616 usque
474 2509 525 2590 ad
545 2509 799 2616 pubertatem
818 2508 1026 2590 interdum
1048 2509 1244 2591 membris

203 2645 312 2752 capti
331 2667 448 2744 sunt,
477 2671 622 2728 rerum
640 2645 792 2726 horum
807 2645 994 2726 valetudo
1003 2646 1071 2754 =rel
1088 2673 1247 2754 semper

201 2783 287 2865 fuit
304 2779 482 2884 infirma,
506 2783 569 2864 vel
588 2781 738 2864 crebris
758 2781 1090 2883 distentionibus,
1118 2811 1248 2864 acces-

203 2921 439 3004 sionibusve
466 2918 698 3028 epilepticis,
726 2940 799 3000 aut
828 2917 973 3000 chorea
1000 2919 1136 3000 Sancti
1157 2919 1248 3001 Viti

204 3077 481 3164 conquassata.
530 3055 723 3137 Arthritis
737 3053 922 3136 homines
942 3055 1155 3163 apoplexia
1175 3085 1247 3166 op-

203 3217 404 3301 portunos
424 3192 569 3292 reddit,
583 3193 645 3273 vel
660 3191 757 3300 quia
771 3176 874 3272 vires
893 3219 1033 3274 omnes
1052 3191 1264 3310 debilitat,

204 3331 270 3412 rel
282 3331 380 3440 quia
391 3330 527 3412 morbi
535 3329 747 3436 utriusque
756 3357 882 3410 causae
896 3327 1133 3434 cognatione
1147 3333 1247 3438 qus-

204 3467 303 3552 dam
316 3467 420 3550 inter
435 3466 727 3574 sejunguntur.
785 3465 911 3546 Nervi
922 3465 1248 3573 hypochondria-

204 3631 352 3686 corum
369 3625 409 3686 et
428 3603 722 3713 hystericarum
750 3619 1053 3710 'nonnunquam
1072 3603 1170 3684 adeo
1190 3626 1248 3685 at·

107 3733 112 3744 “
204 3763 409 3843 teruntur,
427 3739 829 3848 frangunturque,ut
844 3740 1078 3820 resolutioni
1093 3743 1254 3849 paraly·.

205 3879 295 3959 ticae
314 3876 492 3984 proximi
510 3875 735 3959 videantur.
793 3875 965 3974 Verum,
992 3898 1039 3956 ut
1058 3905 1155 3956 usus
1175 3877 1247 3958 do-

205 4014 307 4114 cuit,
334 4015 457 4120 longo
475 4013 687 4096 intervallo
715 4011 891 4120 proximi
908 4035 1018 4112 sunt,
1046 4041 1143 4094 cum
1161 4039 1250 4120 per·-

207 4167 336 4260 quam
355 4177 445 4232 raro
459 4149 616 4232 factum
634 4171 694 4232 est
711 4126 818 4230 uthi
838 4149 974 4230 morbi
988 4149 1032 4228 in
1047 4151 1249 4259 paralysin

206 4287 405 4372 desinant
464 4287 630 4394 Longus
655 4285 986 4386 rheumatismos,
1013 4305 1054 4366 et
1071 4285 1247 4382 arthrisis

207 4451 324 4534 vaga,
339 4445 560 4534 postquam
570 4421 728 4506 diutius
741 4450 866 4532 aegros
885 4415 1146 4523 detinuerint,
1160 4423 1250 4510 red-
