3016 5076
284 728 457 810 forsitan
489 722 633 831 magio,
661 745 789 828 quam
819 715 1104 836 oesdphagum,
1134 737 1351 828 occupant

286 865 378 958 haec
404 865 549 945 ulcera.

342 1003 453 1082 lnter
472 999 587 1104 signa
605 995 756 1077 rariora
770 993 976 1076 numerari
992 1013 1121 1100 potest
1133 994 1307 1099 sanguis
1326 1021 1350 1073 e

288 1137 457 1218 naribus
474 1132 654 1216 ubertim
666 1127 882 1238 profluens.
915 1131 1047 1216 Finito
1062 1130 1227 1229 morbo,
1240 1153 1351 1210 non·

290 1274 424 1355 nullos
446 1269 688 1350 adoriuntur
705 1266 862 1348 dolores
881 1289 921 1348 et
950 1258 1130 1347 tumores
1150 1266 1351 1348 rheuma-

290 1411 374 1494 tici.
405 1408 513 1490 Novi
526 1433 628 1514 quoe
640 1405 707 1486 hic
719 1405 889 1486 morbus
901 1389 964 1486 bis
973 1402 1187 1486 tentaverit
1194 1439 1208 1506 3
1230 1403 1352 1512 quod

292 1571 432 1630 tamen
450 1541 658 1653 perpaucis
675 1541 832 1624 accidit.

350 1682 562 1789 Anginam
580 1680 625 1758 in
643 1677 798 1759 morbis
814 1677 990 1764 ineuntis
1007 1679 1132 1760 atatis
1147 1699 1257 1760 reete
1269 1705 1353 1760 nu·

294 1819 541 1904 metaveris.‹
581 1817 715 1896 Mares
735 1835 853 1913 certe,
881 1815 955 1921 qui
968 1815 1057 1921 jam
1075 1815 1203 1897 adulti
1235 1839 1353 1916 sunt,

297 1983 389 2040 raro
400 1982 498 2036 cum
509 1981 554 2036 ea
566 1949 862 2033 conflictantur.
882 1953 1006 2032 Duos
1015 1952 1152 2034 curavi
1158 1951 1354 2058 juvenes,

299 2092 374 2198 qui
393 2115 551 2170 annum
564 2088 809 2196 vigesimum
824 2088 1037 2194 attigerant
1050 2121 1071 2187 3'
1090 2088 1190 2169 item
1204 2088 1353 2172 virum

297 2255 435 2312 unum
447 2227 677 2324 robustum,
691 2225 766 2332 qui
778 2225 1034 2334 trigesimum
1045 2253 1202 2308 annum
1213 2255 1354 2310 exces-

203 2429 207 2444 .
300 2387 414 2448 serat.
485 2366 628 2445 Praeter
665 2361 739 2444 hos
777 2383 913 2446 autem
950 2362 1158 2443 neminem
1189 2389 1354 2448 marem

301 2499 566 2584 adolescentia
584 2511 790 2606 egneisum
804 2499 848 2579 in
862 2499 939 2580 hoc
956 2500 1102 2580 morbo
1118 2527 1185 2580 me
1199 2481 1353 2584 vidisse

300 2637 484 2720 memini.
514 2634 571 2716 Αἱ
582 2665 662 2716 usu
672 2635 798 2716 didici
806 2635 998 2718 foeminas
1008 2663 1353 2745 nunquampror7

303 2803 371 2858 sus
391 2801 546 2856 securas
566 2801 648 2854 esse
663 2773 715 2854 ab
730 2773 805 2854 hac
821 2773 1075 2873 valetudine3
1105 2802 1353 2883 quanquam

303 2914 447 2994 vetulae
469 2909 559 3000 ‚sint
587 2911 646 2990 illi
680 2909 817 2990 minus
844 2931 1096 3016 opportunae,
1124 2939 1252 3019 quam
1279 2913 1354 3020 ju.

304 3051 449 3132 niores.
488 3049 593 3161 Quae
606 3069 743 3128 autem
755 3047 851 3128 huic
865 3047 971 3128 febri
982 3050 1354 3160 maximeffsubjecta

305 3209 378 3287 est,
396 3186 537 3267 eadem
556 3205 647 3266 aetas
667 3201 804 3266 tenera¹
815 3185 1049 3292 gravissime
1077 3187 1354 3294 periclitatum

307 3345 449 3405 contra
467 3350 511 3402 ac
531 3320 578 3401 fit
598 3323 641 3401 in
661 3320 820 3410 variolis
839 3343 879 3412 et
897 3322 1107 3411 morbillis.
1196 3375 1200 3382 -

364 3461 495 3540 Inci'so
524 3459 639 3564 pueri
664 3457 854 3540 cadavere
883 3481 993 3542 sexto
1021 3462 1158 3544 morbi
1190 3463 1257 3546 die
1284 3492 1355 3546 ex·
1415 3527 1418 3536 ,

309 3595 440 3696 tincti,
458 3596 597 3676 velum
615 3595 841 3701 pendulum
857 3587 978 3704 palati
992 3599 1108 3706 plane
1123 3621 1240 3707 putre
1253 3623 1354 3702 erat,

309 3733 478 3817 tonsillae
499 3759 594 3814 vero
625 3733 869 3822 extn'nsecus
888 3731 1355 3839 fuscae‚,sordidieeimae,

311 3872 422 3952 intus
444 3869 601 3969 lividae3
630 3871 755 3950 uvula
774 3897 897 3952 muco
911 3890 1057 3974 erasm·
1070 3876 1355 3964 membranam

309 4007 488 4107 dixisses,
507 4008 814 4112 contegebatun
842 4009 1043 4117 epiglottis
1058 4031 1097 4092 et
1109 4011 1353 4119 oesophagus

309 4145 467 4250 integra
478 4165 608 4226 erant.·
635 4134 786 4226 Muhus
801 4147 938 4227 autem
953 4148 1235 4230 mammeam
1250 4179 1354 4258 quo-

298 4309 393 4391 -que
413 4281 572 4364 velabat
583 4309 718 4392 -usque
737 4283 788 4364 ad
800 4281 885 4390 ejus
905 4285 1161 4388 divisionem,
1179 4287 1228 4370 in
1237 4289 1353 4396 cujus
