3002 5086
636 535 737 630 905
790 535 794 542 ’

159 735 296 823 ilium.
353 741 492 822 Paucae
522 759 647 846 gutta
677 741 863 823 tincturae
884 741 967 850 opii
995 766 1091 823 cum
1111 739 1211 828 vino
1321 727 1324 734 “

161 877 397 979 antimonii,
426 898 499 958 aut
529 905 628 958 cum
661 878 838 960 tinctura
868 879 1112 982 asaefoetidae,
1139 881 1239 963 aut'

160 1017 290 1099 etiam
327 1041 399 1122 per
431 1041 472 1096 se
504 1037 662 1116 sumtae,
690 1015 878 1122 praesidio
906 1041 1027 1099 erunt
1063 1019 1210 1102 animis

160 1151 454 1260 languentibus
467 1151 599 1232 multo
607 1153 749 1234 tutiori
758 1181 885 1260 quam
896 1155 1040 1236 vinum
1047 1189 1058 1255 ;
1078 1179 1212 1263 neque

163 1291 197 1372 si
218 1311 460 1398 augeantur,
478 1289 701 1370 valetudini
720 1291 885 1397 perinde
905 1293 1124 1406 nocebunt,
1141 1321 1212 1374 ne-
1260 1381 1264 1392 ,

161 1457 249 1538 que
263 1421 476 1508 bominem
490 1417 610 1508 rebus
627 1427 790 1534 agendis
806 1429 977 1508 omnino
990 1429 1126 1511 minus
1143 1459 1213 1538 ap3

160 1551 260 1650 eum
274 1559 460 1646 reddent:
491 1564 542 1644 ad
558 1563 656 1666 haec,
675 1566 794 1670 longe
809 1557 965 1644 facilius
981 1588 1040 1646 est
1054 1595 1211 1672 aegrum

161 1701 335 1786 tandem
347 1703 398 1784 ab
409 1701 551 1810 opiatis
565 1701 750 1784 remediis
764 1701 978 1804 abducere3
999 1701 1112 1810 quod
1124 1691 1213 1788 lon-

162 1825 314 1948 gousir
328 1838 464 1921 didici.
512 1841 646 1920 Nemo
661 1839 787 1921 nescit
801 1838 1039 1924 haeccontra
1053 1843 1212 1926 evenire

163 1975 399 2060 vinolentis.
659 2023 662 2034 ·
705 2011 707 2016 ·
1277 1953 1279 1958 ¹

227 2113 414 2226 Quidam
433 2107 589 2194 dolores
609 2105 1063 2222 hypochondriacorum
1083 2136 1122 2196 et
1135 2112 1215 2225 hy-

165 2249 408 2334 stericamm
419 2239 667 2360 risu'potius,
682 2276 809 2358 quam
824 2249 1097 2368 miserieordia
1110 2251 1215 2334 exci-

163 2388 304 2500 piunt,
322 2411 521 2496 tanquam
540 2414 643 2498 quos
664 2388 741 2496 ipsi
761 2385 840 2470 sibi
864 2387 1029 2495 fingunt
1048 2387 1133 2472 sine
1152 2414 1215 2471 ra-

164 2526 291 2608 tione.
349 2525 508 2606 Verum
522 2523 567 2604 in
582 2523 657 2606 hac
673 2551 714 2606 re
729 2501 850 2632 longe
866 2549 1010 2608 errans
1070 2505 1215 2634 Neque

169 2663 284 2744 enim
314 2661 501 2745 dubitare
520 2661 624 2762 licet,
652 2661 757 2769 quin
775 2661 898 2770 hujus
931 2664 1216 2770 aegrotationis,

168 2781 338 2908 berinde
357 2829 402 2883 ac
417 2799 579 2882 al'terius
599 2798 829 2906 cujuslibet,
848 2825 949 2882 verae
969 2793 1096 2883 cansae
1118 2802 1215 2882 sub·

172 2937 266 3018 sint.
325 2935 617 3018 Confitendum
636 2959 775 3018 tamen
789 2959 849 3018 est
867 2937 953 3016 vim
973 2939 1109 3019 morbi
1128 2939 1216 3020 fore

174 3101 221 3156 eo
236 3073 454 3177 minorem,
469 3103 553 3183 quo
568 3075 697 3182 magis
709 3073 754 3154 in
767 3073 982 3155 adversum
997 3103 1100 3181 ager
1112 3077 1215 3157 nita·

172 3233 255 3314 tur,
274 3234 315 3294 et
333 3240 418 3320 quo
436 3209 583 3294 fortius
599 3213 658 3293 illi
677 3213 849 3295 resistat:
879 3235 1001 3320 atque
1019 3213 1110 3314 hoc,
1130 3211 1216 3320 opi-

172 3350 296 3430 nione
310 3350 454 3458 magis,
464 3351 657 3432 situmest
668 3351 712 3430 in
721 3349 847 3458 ipsius
856 3371 1057 3456 potestate.
1090 3351 1217 3464 Quis-¹

173 3487 267 3594 quis
280 3485 357 3569 hoc
371 3487 448 3568 sibi
460 3486 692 3596 persuaderi
704 3486 813 3588 sinit,
831 3509 871 3569 et
885 3487 1055 3594 proinde
1070 3487 1217 3568 morbo

173 3649 250 3704 suo
273 3649 359 3705 non
378 3623 497 3726 cedit,
516 3623 586 3706 sed
606 3623 639 3706 it
657 3645 798 3706 contra
816 3623 1042 3725 audentior,
1061 3653 1123 3704 nae
1151 3623 1221 3704 ille

173 3737 358 3866 broxime
388 3761 517 3843 aberit
542 3791 579 3872 a
594 3761 772 3844 sanitate.
830 3739 967 3868 Digna
995 3783 1131 3842 autem
1159 3783 1220 3843 est

173 3897 457 4006 cansa‚inqua
467 3899 660 3982 omnibus
673 3886 851 4006 corpo‘ris
864 3899 1073 4005 animique
1085 3899 1217 3979 nervis

175 4035 413 4136 contendat;
442 4063 575 4145 neque
594 4037 707 4118 enim
733 4037 785 4117 de
804 4063 846 4118 re
865 4063 989 4144 parva
1016 4055 1219 4116 certamen

174 4191 246 4268 est,
276 4171 347 4252 sed
379 4145 429 4254 de
460 4173 543 4256 vita
576 4173 677 4281 ipsa,
705 4173 872 4256 beatane
903 4171 1044 4254 futura
1066 4169 1138 4270 sit,
1165 4197 1219 4250 an

177 4333 332 4390 mlsera.
