3002 5086
799 549 899 656 23'0
939 568 941 578 “

330 765 538 846 interdum
553 747 717 866 levetur,
733 745 875 874 sepius
889 790 1024 846 tamen
1040 787 1210 872 augetur
1223 795 1245 846 a
1257 765 1369 847 cibis.

331 901 529 981 Bathouia
560 905 801 1010 neutiquam
821 927 881 984 est
909 927 1066 982 certum
1085 901 1206 1008 hujus
1236 902 1372 982 morbi

330 1040 589 1146 praesidium;
634 1069 767 1148 neque
803 1069 896 1121 sane
935 1069 1089 1146 sperare
1132 1041 1223 1119 licet
1261 1040 1372 1119 idem

331 1177 487 1282 ubique
505 1159 719 1258 convenire
735 1179 975 1276 remedium,
994 1178 1067 1256 ubi
1085 1199 1145 1258 tot
1159 1175 1372 1256 dissimiles

330 1341 456 1394 causae
489 1311 653 1395 fuerint.
711 1315 753 1394 Si
785 1309 954 1394 morbus
982 1300 1372 1420 principalisxmaui-

328 1447 453 1527 festus
487 1473 558 1548 est,
598 1451 647 1532 ad
681 1449 792 1532 huuc
827 1454 981 1530 curatio
1019 1452 1094 1530 erit
1128 1449 1369 1530 adhibenda.

330 1587 458 1696 Quod
471 1587 502 1664 si
516 1587 727 1692 aegernihil
741 1611 933 1694 queratur
946 1611 1088 1694 praeter
1101 1583 1370 1684 inflationem,

329 1723 478 1805 auxilio
497 1724 572 1803 erit
591 1725 935 1804 medicamentum
956 1725 1235 1822 aromaticum,
1255 1723 1369 1830 quod

329 1859 468 1938 alvum
488 1861 628 1941 leuiter
648 1863 788 1960 solvat,
808 1863 925 1968 quale
945 1884 1003 1940 est
1023 1859 1135 1966 quod
1155 1861 1277 1940 habet
1296 1855 1370 1939 flo-

330 2021 425 2074 rum
443 1994 691 2086 chamaemeli
721 1998 991 2078 contritorum
1016 1996 1370 2102 semiscrupulum‚

328 2128 474 2234 piperis
495 2132 605 2237 lougi
625 2135 859 2238 gramma,
888 2135 991 2213 aloe's
1011 2159 1188 2236 granum
1207 2159 1367 2229 unum3

327 2265 453 2372 idque
474 2267 641 2374 siugulis
658 2271 845 2350 noctibus
864 2297 1020 2349 sumere
1040 2269 1254 2376 oportebit.

385 2405 539 2485 Ructus
574 2409 720 2488 reversi
759 2429 854 2490 sunt
888 2405 1070 2514 quotidie
1103 2407 1166 2486 vel
1205 2407 1365 2520 incertis

327 2537 451 2638 horis,
463 2542 525 2619 vel
537 2564 691 2622 certum
708 2543 897 2624 habentes
911 2543 1137 2624 circuitum.
1183 2543 1365 2622 Nascun-

328 2697 397 2754 tur
412 2704 577 2783 quoque
593 2681 913 2794 cumlvertigiue,
928 2679 1068 2759 ardore
1084 2678 1311 2776 ventriculi,
1328 2701 1366 2758 et

328 2811 529 2916 singultu3
555 2837 594 2896 et
605 2815 729 2896 modo
745 2841 829 2898 tam
844 2817 1097 2898 vehementes
1113 2835 1222 2914 sunt,
1236 2837 1284 2895 ut
1299 2843 1366 2921 pa·

272 2939 275 2949 Δ
328 2975 423 3029 rum
438 2951 986 3035 distentaconvulsionibus.
1034 2953 1208 3051 Vinum,
1222 2975 1261 3034 et
1275 2953 1365 3032 dul-

281 3161 285 3178 ,
327 3085 400 3185 cia,
416 3112 652 3169 nocuerunt.
711 3091 839 3172 Arida
847 3091 1054 3196 juverunt.
1103 3089 1311 3188 Vomitus,
1326 3110 1365 3170 et

327 3225 555 3329 purgantis,
582 3225 686 3304 nihil
704 3227 973 3332 profecerunt.
1003 3291 1008 3300 .

644 3458 1047 3482 m

751 3595 855 3674 Cur.
878 3595 945 3676 53.

629 3832 633 3842 .
710 3756 777 3837 De
798 3757 978 3836 Insania.

381 3925 531 4002 Aurut
549 3919 761 4002 solicitudo
777 3918 934 4023 ingens,
952 3945 1233 4028 aquacunque
1246 3947 1361 4002 causa

326 4057 615 4166 proficiscatur,
644 4057 885 4163 plerumque
906 4053 1070 4134 initium
1099 4057 1170 4137 dat
1188 4057 1361 4156 insaniae,

326 4195 408 4276 sive
427 4195 484 4274 illi
501 4195 646 4275 mentis
666 4192 909 4290 alienationi,
938 4221 1028 4298 quae
1050 4191 1096 4274 fit
1115 4196 1200 4276 sine
1219 4195 1359 4274 morbo

207 4361 223 4391 ³
325 4355 457 4430 acuto,
475 4355 514 4412 et
529 4333 614 4412 sine
634 4351 754 4410 motu
771 4329 1009 4409 arteriarum
1030 4333 1239 4413 concitato.
1294 4331 1359 4408 ln-

323 4468 487 4552 terdum
506 4465 635 4564 oritur
652 4491 700 4548 ex
720 4463 804 4546 aliis
821 4465 988 4584 morbis,
1009 4468 1133 4550 veluti
1153 4461 1357 4549 lumbricis
