3104 5084
193 711 267 816 qui
280 705 511 816 parentibus
528 707 673 791 tabidis
689 709 772 790 nati
785 708 879 808 sint,
891 707 1047 818 autqui
1062 709 1105 790 in
1118 729 1230 792 atate
1307 751 1313 760 ·

192 847 336 954 puerili
364 847 548 956 occupati
567 846 721 927 fuerint
750 846 951 951 glandulis
971 845 1229 954 lymphaticis

193 983 362 1064 tumidis
380 1005 421 1064 er
437 981 649 1064 induratis.
709 982 896 1088 Corporis
917 981 1099 1064 animalis
1126 982 1230 1087 leges

192 1119 382 1200 nondum
399 1117 494 1198 satis
512 1119 631 1198 uobis
662 1141 872 1224 perspecta
893 1141 1002 1217 sunt,
1029 1141 1078 1200 ut
1095 1116 1248 1200 dicero·

192 1253 408 1362 possimus,
435 1282 560 1362 quare
593 1255 793 1360 glandula
824 1254 1095 1354 maxillarum,
1123 1255 1230 1355 colli,

193 1391 418 1492 suillarum,
454 1391 648 1498 inguinis,
685 1414 725 1472 et
761 1391 1001 1491 mesenterii,
1043 1391 1093 1472 ad
1132 1391 1231 1474 viria

82 1503 86 1509 ¹
192 1555 328 1634 pronae
344 1528 481 1610 sintin
496 1528 685 1634 pueritia3
715 1549 754 1608 et
768 1547 892 1634 quare
904 1527 948 1608 in
954 1527 1174 1633 juvenibus
1190 1551 1231 1612 et

192 1665 339 1746 adultis
354 1665 553 1774 glandula:
567 1665 812 1772 pulmonum
824 1664 905 1746 sint
918 1663 1230 1772 morbisoppor·
1329 1647 1334 1652 ⁵

194 1802 395 1902 cunintona
422 1801 525 1884 dum
544 1803 735 1912 inclinata
754 1824 866 1882 aerate
881 1801 1080 1906 glandula
1099 1829 1232 1884 mam·

194 1965 357 2020 marum
386 1959 426 2018 et
453 1938 559 2020 uteri
584 1938 629 2019 iu
659 1937 856 2035 foeminis,
880 1938 925 2017 in
956 1937 1050 2018 viris
1090 1963 1230 2020 autem

194 2097 382 2180 prostrata,
400 2096 439 2156 et
457 2073 502 2154 in
520 2076 703 2182 uirisque
720 2075 868 2156 viscera
883 2075 1111 2156 abdominis
1130 2101 1233 2181 prae«

194 2210 311 2316 cipue
329 2211 522 2294 laborent.
580 2190 825 2292 Mulieribus
844 2210 991 2292 tabidis
1011 2211 1229 2317 gravidine

196 2347 356 2430 videtur
371 2347 529 2447 marim,
542 2347 746 2454 etreliqua
759 2347 961 2454 phthiseos
974 2347 1233 2454 maiaprope-

196 2509 308 2584 rare‚.
324 2512 414 2591 quae
435 2483 480 2566 in
507 2483 591 2566 dies
612 2484 791 2590 singulos
812 2483 1081 2566 intenduntur
1098 2511 1232 2592 usque

197 2621 248 2700 ad
267 2643 455 2726 partum3
484 2621 704 2728 perdurant
717 2621 829 2701 enirn
841 2621 1011 2722 tamdiu,
1029 2641 1069 2702 et
1085 2619 1231 2704 deinde

195 2757 308 2838 brevi
327 2758 572 2840 moriuntur.

253 2894 457 3005 Quanam
471 2893 521 2976 sit
537 2915 680 2974 natura
694 2893 829 2994 tussis,
842 2914 881 2974 et
897 2891 999 2999 quid
1014 2869 1058 2974 in
1070 2881 1117 2974 ea
1129 2893 1232 3000 peri-

196 3030 291 3130 culi,
329 3029 443 3110 nullo
460 3101 464 3112 .
481 3029 559 3110 alio
595 3027 747 3112 iudicio
781 3029 925 3110 clarius
965 3027 1231 3134 significatur,

197 3193 324 3271 quam
354 3165 591 3248 arteriarum
621 3168 752 3272 pulsu.
809 3166 1068 3272 Namgravis
1098 3166 1232 3266 tussis,

197 3301 400 3409 siquidem
428 3303 504 3386 illae
535 3303 647 3385 tarde
675 3325 906 3402 moventur,
934 3327 1020 3384 nou
1037 3301 1231 3408 impediet

198 3465 282 3542 quo
300 3437 437 3521 minus
467 3467 569 3546 aeger
589 3439 640 3522 sit
666 3439 712 3520 in
731 3439 838 3520 bona
857 3465 948 3544 spe:
978 3437 1073 3520 leuis
1093 3461 1229 3522 autem

196 3573 428 3682 cumpulou
442 3575 644 3656 concitato
662 3573 982 3680 haudquaquam
993 3575 1151 3660 vacabit
1167 3603 1232 3681 pe-

196 3707 336 3792 riculo.
395 3711 562 3800 Jurenis
581 3710 806 3794 octodecim
834 3737 960 3792 annos
979 3729 1097 3794 natus
1117 3709 1232 3792 bien·

104 3831 108 3842 ⁹
196 3847 315 3930 nium
329 3867 570 3947 emanarat,
583 3847 698 3946 tussi,
717 3847 844 3954 sputis
859 3843 1259 3945 cruentisdifficulss·

197 4003 276 4064 tare
310 3983 503 4090 spirandi,
536 3983 708 4084 vomitu,
734 3983 943 4066 doloribus
974 3983 1156 4088 pectoris,
1191 3999 1232 4066 st

197 4119 413 4206 sudoribus
434 4121 643 4206 nocturnis
663 4144 899 4228 occupatus:
913 4121 1067 4226 ‘pulsus
1080 4121 1238 4206 interea

198 4279 281 4336 erat
301 4255 382 4358 vix,
410 4279 480 4348 aut
509 4285 559 4338 ne
579 4259 659 4357 vix,
681 4245 796 4367 justo
825 4257 1082 4354 concitatior:
1110 4281 1238 4364 arqun

198 4393 254 4472 iili
275 4393 464 4479 valetudo
494 4394 601 4474 intra
632 4417 709 4478 tres
739 4421 865 4478 annos
889 4394 931 4474 in
961 4393 1233 4508 integriorem
1344 4399 1351 4414 '
