3050 5084
798 459 906 576 368,

326 700 425 763 nam
437 677 512 762 ubi
526 676 578 762 ab
594 675 671 758 alio
683 677 830 760 morbo
844 677 1006 786 pendet,
1021 649 1132 762 finiri
1144 699 1230 767 oon
1240 693 1365 786 potest

326 816 567 925 priusquam
585 813 651 894 ille
669 811 794 896 fuerit
813 836 987 898 sanatus·

644 1019 1054 1072 Q

750 1177 856 1267 Cas.
880 1177 946 1267 89.

594 1337 663 1452 De
684 1347 968 1432 Teutonorum
990 1349 1116 1478 Vitiin

380 1513 632 1596 Tasurcutr
663 1521 825 1591 tument
852 1537 937 1592 non
966 1511 1101 1594 solum
1129 1532 1178 1596 ει
1204 1514 1304 1614 ictu,
1330 1527 1370 1598 et

324 1650 441 1732 malis
462 1648 665 1750 Venereis,
687 1644 756 1728 sed
775 1645 984 1730 interdum
1004 1671 1169 1756 quoque
1189 1662 1238 1732 ex
1255 1651 1368 1733 febre

282 1765 285 1772 ¹
324 1784 628 1884 intermittente,
642 1811 822 1890 quacum
833 1805 972 1868 tumor
984 1785 1107 1868 simul
1119 1789 1284 1890 accedit,
1301 1789 1369 1872 de·

323 1923 524 2030 ceditque,
542 1944 582 2004 et
600 1921 712 2002 febre
731 1942 867 2004 sanata
885 1923 1069 2027 protinus
1089 1919 1243 2006 finitur.
1274 1928 1369 2008 Hoc

323 2061 414 2168 plus
435 2059 521 2140 vice
536 2057 709 2166 simpdici
728 2057 941 2164 contigisse
961 2060 1141 2142 memini.
1190 2063 1306 2144 Idem
1324 2063 1369 2144 in

304 2197 532 2280 'nonnullis
563 2195 704 2278 intulit
731 2195 908 2302 gravedo
936 2217 986 2280 ex
1011 2197 1162 2306 frigore
1190 2197 1367 2284 collecto.

325 2335 503 2416 Prostata
530 2332 684 2419 scirrho
712 2332 898 2416 laborans
923 2329 1125 2416 testiculos
1145 2336 1368 2434 tumefecit,

249 2481 253 2484 ’
325 2493 448 2580 atque
486 2469 611 2556 etiam
650 2469 806 2570 calculi,
846 2489 888 2552 et
908 2469 986 2552 alii
1014 2493 1162 2554 renum
1188 2465 1370 2558 affectus.
1416 2465 1427 2488 ⁵

214 2593 215 2598 Ν
325 2608 538 2692 Interdum
550 2629 689 2688 tumor
702 2605 914 2718 occupavit
929 2607 1256 2692 testiculumsine
1269 2637 1370 2718 qua·

325 2745 386 2828 tis
425 2743 638 2828 manifesta
677 2771 808 2844 causa,
849 2765 889 2824 et
916 2767 1008 2854 post
1034 2767 1181 2854 paucos
1210 2773 1368 2830 menses

325 2903 469 3002 sponte
486 2909 559 2964 sua
575 2880 751 2964 desedit:
780 2881 825 2962 in
845 2880 929 2962 aliis
948 2883 1122 2990 perrexit
1140 2884 1278 2990 augeri
1296 2907 1368 2994 per

324 3021 480 3128 aliquot
507 3045 648 3120 annos,
675 3039 716 3100 et
737 3017 903 3102 tandem
922 3018 966 3100 in
985 3019 1188 3104 scirrhum
1208 3020 1369 3130 desivit,

326 3158 401 3267 qui
429 3157 554 3241 modo
581 3154 697 3266 annis
726 3153 887 3262 viginti,
918 3155 1045 3240 modo
1074 3157 1206 3246 multo
1234 3157 1369 3260 citius,

325 3293 592 3376 carcinomate
611 3290 732 3392 facto,
759 3291 971 3374 hominem
990 3293 1147 3378 occidit
1189 3295 1239 3374 In
1256 3295 1368 3376 testi·

327 3431 419 3522 culo
442 3419 641 3513 scirrh'oso
659 3427 775 3512 ulcus
795 3424 1028 3512 fistulosum
1047 3430 1266 3524 interdum
1285 3428 1369 3512 'fac-
1497 3527 1498 3540 Ν

327 3561 420 3654 tum
437 3566 532 3668 fuit,
560 3565 675 3673 quod
694 3591 849 3674 aegrum
868 3566 942 3648 diu
959 3565 1157 3674 fatigavit.

380 3703 689 3785 Medicamentis
717 3703 986 3812 purgantibus
1015 3701 1236 3786 lenioribus
1255 3703 1366 3789 locus

325 3865 630 3948 nonnunquam
644 3869 726 3924 esse
741 3861 894 3950 potest;
913 3837 1107 3924 validiora
1120 3842 1366 3926 suntaliena.

324 3973 412 4064 Ubi
430 3975 547 4058 dolor
565 3999 624 4060 est
642 3977 932 4077 vehementior,
958 3979 1239 4085 cataplasmata
1252 3977 1367 4064 adhi-

323 4113 418 4202 bere
437 4137 605 4222 oportet.
653 4116 904 4225 Ubicunque
919 4117 982 4200 vel
999 4117 1128 4219 dolor,
1146 4119 1366 4202 veitumor

202 4239 205 4246 Α
325 4277 399 4358 est,
439 4275 621 4338 scrotum
657 4255 814 4340 sacculo
842 4255 989 4340 idoneo
1019 4255 1207 4366 sustineri
1234 4253 1363 4338 debet.
