2990 5078
601 525 698 620 les

134 729 221 812 dem
239 729 397 838 penitus
418 729 654 811 intercludit
672 728 783 808 viam
803 726 855 807 ad
873 707 1169 830 ventriculumg

133 891 198 948 aut
228 865 451 979 aliquando
482 865 674 982 spiritum
702 865 747 946 in
780 865 993 972 pulmones
1023 867 1171 990 attrahi

134 1005 326 1112 prohibet.

182 1143 293 1220 Vitia
306 1142 430 1220 modo
446 1163 669 1220 memorata
681 1138 789 1221 viam
805 1165 876 1246 per
890 1137 1024 1221 fauces
1037 1113 1170 1222 omni*¹

131 1279 201 1358 bus
215 1279 336 1360 rebus
353 1280 502 1385 pariter
515 1278 757 1384 impediunt.
803 1277 895 1356 Alia
909 1301 1046 1370 autem
1061 1305 1177 1388 sunt,

129 1443 214 1524 quae
242 1444 330 1496 non
349 1444 504 1516 omnes,
527 1417 597 1496 sed
624 1443 769 1522 paucas
793 1417 1081 1496 tantummodo
1109 1446 1169 1506 res

127 1553 355 1640 excludunt.
414 1551 614 1632 Nonnulli
633 1551 748 1632 facile
768 1551 965 1635 devorant
985 1553 1171 1658 omnige-

98 1703 105 1717 '
127 1715 195 1770 nos
214 1691 329 1771 cibos
359 1711 507 1796 praeter
526 1716 714 1770 carnem:
746 1689 813 1768 alii
833 1689 1054 1802 potionem,
1084 1719 1168 1771 non

128 1849 259 1908 autem
271 1827 428 1927 cibum,
446 1851 649 1906 assumere
669 1847 858 1931 possunt3
888 1845 939 1926 et,
955 1825 1068 1932 quod
1083 1855 1170 1906 ma-

126 1963 182 2069 gis
202 1963 360 2049 mirum
377 1985 451 2054 est,
471 1964 515 2044 in
531 1963 615 2043 aliis
635 1959 762 2043 facilis
778 1985 818 2043 et
835 1985 968 2068 aperta
983 1963 1048 2044 via
1065 1963 1167 2046 cibis

125 2081 193 2201 est,
211 2101 318 2182 dum
336 2102 519 2207 potiones
540 2127 642 2206 aegre
662 2099 922 2182 descendunt.

177 2239 364 2345 Contigit
391 2239 495 2318 mihi
524 2235 747 2318 identidem
771 2237 907 2318 videre
935 2239 1042 2320 mala
1069 2265 1169 2344 pras-

126 2375 243 2477 dicta,
273 2377 438 2457 nullum
467 2397 603 2456 tamen
630 2375 840 2482 proprium
873 2402 1015 2455 eorum
1041 2401 1169 2456 reme-
1244 2475 1246 2484 Ι

126 2512 241 2594 dium
259 2513 443 2594 invenire
462 2511 589 2618 potui.
647 2511 761 2592 Nihil
780 2511 913 2592 visum
930 2533 989 2592 est
1004 2533 1168 2616 praesta·

127 2649 258 2749 bilius,
270 2677 399 2756 quam
412 2649 531 2728 istam
543 2646 734 2728 medendi
746 2649 855 2727 viam
870 2647 1063 2748 insistere,
1075 2675 1166 2756 qua

129 2787 302 2866 maxime
339 2783 573 2866 conveniret
606 2785 760 2864 morbis
794 2784 845 2863 ad
873 2811 976 2890 quos
1010 2785 1168 2891 singula

127 2922 308 3025 proxime
327 2919 526 3002 accedant.
586 2921 792 3001 Omnibus
813 2941 909 3000 nota
928 2942 986 3001 est
1015 2923 1174 3004 utilitas

126 3085 266 3140 eorum
281 3085 379 3166 quse
392 3057 436 3137 in
448 3057 587 3138 alvum
600 3055 736 3138 infusa
746 3057 937 3138 nutriunt
945 3047 961 3156 ς’
987 3081 1167 3164 quorum

126 3189 321 3292 beneficio
340 3194 443 3276 vires
458 3215 498 3276 et
518 3197 602 3276 vita
620 3193 672 3274 ad
690 3213 850 3299 tempus
870 3193 1057 3273 sustineri
1078 3221 1169 3302 pos-

127 3353 231 3434 sunt,
259 3333 390 3414 donec
410 3333 599 3440 quadam
618 3359 666 3414 ex
693 3331 756 3412 his
776 3331 891 3412 malis
912 3333 973 3413 vel
1003 3358 1168 3415 recesse-

106 3467 218 3572 rint,
236 3471 303 3551 vel
321 3493 459 3552 sanata
479 3470 569 3550 sint.

176 3607 312 3689 Puella
326 3635 454 3689 annos
473 3607 576 3688 duos
596 3627 636 3688 et
651 3605 874 3687 dimidium
893 3629 987 3688 nata
1001 3607 1169 3690 devora-

126 3741 182 3822 vit
198 3771 394 3826 nummos
414 3743 516 3824 duos
537 3767 671 3844 aereos,
698 3771 879 3850 quorum
898 3743 995 3826 alter
1014 3743 1167 3852 pollicis

126 3879 382 3964 latitudinem
401 3881 629 3982 excedebat,
649 3883 747 3962 alter
765 3904 849 3963 erat
878 3884 998 3989 paulo
1018 3882 1165 3962 minor.

127 4015 230 4100 Male
250 4048 292 4100 se
310 4019 456 4101 habuit
475 4019 607 4126 puella
622 4043 774 4127 septem
788 4021 887 4121 dies,
900 4041 939 4101 et
953 4017 1169 4100 difficulter

128 4155 269 4238 sumsit
296 4157 435 4258 cibos3
464 4157 616 4265 quippe
635 4153 784 4256 fauces,
811 4179 860 4238 ur
879 4157 1067 4237 credibile
1096 4173 1169 4254 est,

129 4287 316 4376 dolebant
341 4295 425 4376 avi
448 4293 554 4377 facta
572 4298 677 4378 dum
702 4294 869 4376 nummi
883 4319 953 4400 per
978 4321 1041 4373 eas
1061 4293 1170 4372 eluc-

130 4447 337 4537 tarentur3
359 4429 512 4518 deinde
531 4409 669 4518 autem
696 4433 801 4518 bene
822 4429 960 4514 valuit.
1019 4431 1170 4526 Oleum

235 4595 262 4676 3
