2990 5078
631 493 700 598 89

138 719 228 807 put,
245 699 373 780 modo
392 697 582 808 sinciput,
601 697 818 805 saepissime
833 719 991 806 partem
1005 699 1188 808 aliquam

136 833 275 938 faciei3
304 859 346 918 et
361 863 602 946 quanquam
617 837 746 918 ambae
762 835 806 917 in
821 836 965 918 eodem
978 861 1086 944 aegro
1100 859 1189 922 ten·

137 993 236 1056 tatae
259 974 355 1075 sint,
382 995 521 1092 tamen
539 1001 629 1080 pare
649 973 810 1056 'sinistra
834 973 980 1080 saepius
999 971 1188 1078 afficitur,

137 1137 269 1218 quam
283 1110 437 1192 dextre.
495 1111 544 1191 In
558 1111 716 1220 impetu
726 1111 876 1193 doloris
889 1110 1053 1192 labrum
1068 1139 1188 1220 supe·

138 1249 241 1348 rius,
262 1249 334 1330 ¹vel
353 1247 543 1354 gingivae,
564 1247 628 1330 vel
646 1273 763 1354 gena,
790 1270 830 1330 et
849 1249 1060 1332 musculus
1082 1271 1187 1332 tem·

135 1385 302 1494 porslis,
328 1388 395 1502 uel
419 1385 505 1468 haec
525 1386 648 1468 simul
678 1385 817 1467 omnia
836 1386 935 1468 adeo
961 1408 1188 1493 anguntur,

134 1521 293 1629 utaegri
302 1549 388 1603 non
401 1523 624 1608 sustineant
632 1523 890 1623 manducare,
899 1549 973 1604 nec
981 1523 1187 1624 devorare,

135 1688 214 1744 nec
240 1659 382 1767 loqui:
410 1685 556 1741 verum
584 1687 628 1740 os
658 1659 794 1760 saliva,
821 1659 963 1746 oculus
992 1659 1187 1766 impletur

135 1796 347 1914 lacrymis,
366 1795 599 1904 refugitque
613 1797 775 1896 lumem
805 1795 1002 1904 palpebrae
1019 1823 1188 1904 quoque

137 1955 319 2034 tument,
338 1953 378 2016 et
389 1934 552 2034 rubent,
566 1956 688 2042 atque
703 1933 911 2017 interdum
926 1959 1007 2042 prae
1022 1959 1189 2015 summo
1243 1982 1248 1991 ,

135 2071 281 2152 dolore
311 2067 420 2152 fiunt
435 2072 630 2153 coeruleae.
691 2071 903 2154 Interdum
923 2071 1031 2152 calor
1058 2069 1189 2172 faciei,

127 2211 181 2291 'et
198 2209 342 2308 rubor,
361 2230 400 2290 et
411 2207 598 2290 insolitus
618 2209 749 2290 selivae
762 2233 903 2290 cursus
923 2207 1168 2292 antecedunt
1173 2239 1187 2307 ς

134 2367 182 2428 et
209 2344 263 2428 ad
289 2343 373 2428 baec
402 2343 447 2426 in
462 2347 681 2427 'nonnullis
711 2347 908 2434 accedunt
927 2339 1121 2446 vomitus,
1148 2367 1190 2426 et

135 2481 404 2566 distentiones
428 2509 652 2568 nervorum
669 2484 787 2584 leves,
799 2500 854 2565 'ut
874 2505 1067 2564 tremores
1096 2507 1191 2588 par·
1267 2473 1271 2482 ’

137 2618 252 2704 tium
286 2617 532 2701 affectarunt.
591 2620 848 2702 Accessiones
883 2619 1010 2700 modo
1042 2617 1187 2698 horam

137 2783 285 2856 unam,
313 2755 440 2837 modo
460 2758 594 2864 plures
612 2756 746 2858 horas,
774 2758 838 2839 vel
864 2755 986 2837 etiarn
1008 2753 1188 2837 biduum

137 2913 394 2992 manserunt,
413 2915 452 2974 et
464 2894 684 2976 circuitum
699 2891 935 2975 habuerunt
949 2919 1034 2973 non
1049 2891 1188 2974 nunus

139 3053 316 3131 certum,
335 3057 461 3138 quam
480 3029 611 3112 febres
625 3030 893 3138 quotidienae,
907 3051 978 3110 aut
996 3029 1185 3110 tertiana.
1261 3097 1264 3104 .

139 3167 384 3280 Quinetiam
400 3167 519 3250 rediit
530 3167 614 3250 haec
627 3168 747 3276 pestis
759 3167 919 3250 decimo
931 3193 1097 3275 quoque
1109 3165 1189 3268 die,

137 3307 204 3387 vel
233 3304 405 3412 singulis
425 3306 649 3406 mensibus,
677 3306 742 3390 vel
759 3305 822 3386 bis
852 3305 898 3384 in
927 3331 1046 3386 anno.
1104 3303 1190 3384 Ple-

138 3469 322 3548 rumque
334 3465 472 3524 tamen
483 3443 605 3550 paulo
616 3441 888 3523 inordinatior
900 3439 958 3522 fit.
999 3435 1193 3522 Nonnul-

139 3579 186 3663 lis
207 3579 383 3686 contigit
401 3601 582 3669 essetam
601 3579 847 3680 infelicibus,
864 3602 913 3661 ut
932 3579 1102 3663 morbus
1117 3605 1194 3686 po-

139 3719 223 3801 tius
238 3737 342 3798 esset
357 3717 592 3819 continuus,
604 3745 732 3825 quam
743 3717 1028 3818 intermittens,
1039 3745 1063 3800 a
1073 3716 1192 3798 levis-

140 3855 249 3938 simo
270 3879 440 3971 quoque
459 3875 609 3936 conatu
628 3854 839 3961 loquendi,
857 3875 929 3936 aut
947 3853 1106 3952 edendi,
1124 3879 1194 3936 ex-

140 3993 303 4092 citatus,
332 4013 501 4072 motuve
520 3991 710 4093 vehiculi,
739 4015 810 4073 aut
832 4019 940 4076 aurae
967 3988 1192 4096 frigidioris

142 4127 304 4229 afflatu3
335 4129 391 4209 sic
403 4150 451 4209 ut
460 4129 506 4208 in
519 4155 647 4209 annos
660 4131 794 4236 plures
805 4151 897 4212 tero
909 4127 1025 4210 liberi
1037 4125 1192 4207 fuerint

143 4265 287 4349 abhoc
303 4287 522 4350 tormento.
582 4269 768 4374 Uterque
784 4295 899 4350 sexus
916 4263 1119 4346 obnoxius
1132 4283 1194 4345 est

145 4401 241 4490 buit
259 4405 410 4490 morbo
417 4438 429 4508 ;
459 4403 638 4490 maxime
657 4389 794 4489 autem
816 4403 1011 4492 foeuunae.
1070 4401 1195 4490 Nulla
