3016 5076
803 436 872 540 48

281 763 284 778 ,
309 671 439 787 jectus
455 673 578 754 fuisse
587 669 808 778 judicatur,
826 667 887 754 ibi
900 691 1142 754 consuetum
1156 693 1215 754 est
1228 697 1355 778 agro-

316 814 381 912 tis,
403 810 437 892 si
451 835 537 891 non
550 808 646 915 ipsis
660 808 841 908 medicis,
854 807 1050 909 dolorem,
1069 835 1357 916 nauseamque,

314 969 356 1034 et
371 923 579 1028 vomitum
607 943 766 1026 levandi
784 971 899 1052 spem
917 971 1084 1026 omnem
1102 945 1147 1024 in
1166 945 1264 1025 vino
1284 971 1356 1050 po-

312 1109 409 1168 nere
438 1105 479 1164 et
502 1081 737 1189 potionibus
757 1079 1057 1164 meracioribus.
1114 1081 1193 1162 Sed
1211 1081 1256 1160 in
1274 1081 1355 1164 hoc

178 1259 180 1266 ,
314 1219 480 1328 ancipiti
494 1219 616 1319 malo,
642 1217 786 1325 opium
800 1238 840 1298 et
858 1239 1051 1318 aromata,
1077 1245 1170 1299 meo
1183 1217 1355 1325 judicio,

314 1385 400 1440 non
431 1356 564 1474 solum
594 1354 732 1436 minus
762 1353 995 1437 detrimenti
1015 1380 1153 1437 secum
1172 1353 1354 1456 trahunt,

261 1483 263 1488 ’
314 1521 458 1576 verum
492 1493 615 1576 etiarn
643 1513 740 1574 sunt
769 1492 916 1574 auxilia
947 1493 1081 1576 multo
1113 1491 1350 1600 potentiora.

310 1632 468 1740 Opium
497 1630 621 1712 etiam
649 1649 740 1712 tuto
768 1628 890 1712 datur
908 1631 1101 1712 omnibus
1120 1629 1350 1730 arthriticis,

311 1768 470 1878 quoties
488 1767 641 1874 vigilia,
668 1787 739 1847 aut
756 1766 873 1848 dolor
889 1789 1042 1874 urgeat.
1125 1811 1127 1816 ·

366 1905 501 1986 Pulvis
510 1901 811 1986 Portlandicus*
820 1925 1020 1986 unumest
1030 1931 1079 1984 ex
1090 1903 1244 2003 multis,
1256 1930 1348 2011 quae

310 2062 520 2142 vocantur,
535 2039 719 2122 remediis
732 2038 937 2147 specificis,
952 2061 1348 2148 quorumortum,et

311 2177 579 2284 splendorem,
596 2198 636 2260 et
647 2205 834 2258 occasum
850 2177 946 2259 vidi.
991 2181 1113 2259 Fama
1126 2177 1210 2284 ejus
1222 2178 1346 2258 nimis

309 2314 446 2420 rapide
476 2313 613 2414 crevit,
643 2335 683 2396 et
700 2313 745 2392 in
764 2314 881 2396 altius
900 2335 1035 2396 evecta
1053 2335 1125 2416 est,
1153 2343 1281 2421 quam
1299 2337 1349 2395 ut

172 2469 174 2474 ’
307 2451 447 2532 iocum
477 2477 601 2531 suum
629 2451 734 2532 tueri
762 2473 904 2558 posset.
962 2455 1019 2533 At
1038 2479 1162 2552 nunc,
1190 2477 1347 2553 censeo,

306 2615 404 2670 aura
412 2587 613 2694 popularis
623 2587 815 2694 depressit
824 2588 1038 2677 eumhaud
1050 2589 1188 2668 minus
1200 2589 1346 2671 imme-
1437 2675 1443 2684 ,

305 2726 398 2824 rito,
426 2751 553 2830 quam
567 2703 684 2806 antea
697 2725 901 2807 extulerat.
959 2729 1195 2832 Antequam
1208 2749 1346 2807 cortex

304 2861 507 2946 Peruanus
518 2861 707 2942 inventus
716 2882 787 2961 est,
795 2861 993 2961 homines,
1004 2861 1126 2968 longo
1137 2863 1346 2961 usudocti,

255 2987 258 2996 ’
303 2995 390 3080 istis
402 2998 704 3080 medicamentis
718 3019 924 3106 coeperant
936 2997 1157 3099 confidere,'
1165 3025 1346 3105 quorum

303 3133 406 3216 vires
422 3135 474 3215 ad
492 3135 687 3218 sanandas
698 3133 829 3216 febres
842 3134 1150 3216 intermittentes
1162 3135 1358 3242 proxime.

304 3269 356 3350 ad
369 3271 489 3352 illum
503 3273 693 3352 corticem
713 3271 922 3372 accedunt,
940 3271 1074 3353 autin
1096 3273 1346 3380 quibusdarn'

301 3405 426 3488 etiam
441 3427 642 3513 superant.
696 3411 834 3515 Atque
848 3407 893 3488 in
907 3408 993 3490 aliis
1009 3435 1176 3516 quoque
1190 3407 1344 3489 morbis

298 3539 660 3650 incerta'quaedam
672 3541 782 3624 fama
798 3545 849 3626 de
867 3571 961 3626 vera
979 3544 1169 3626 medendi
1189 3545 1346 3626 ratione

195 3753 197 3762 .
298 3680 520 3782 antecessit,
549 3681 641 3787 qu'ae
655 3709 741 3762 non
759 3679 838 3762 nisi
852 3682 976 3788 longo
991 3703 1083 3788 post
1097 3691 1279 3799 tempore
1289 3679 1345 3762 ab
1455 3661 1457 3668 ’

295 3817 490 3898 omnibus
505 3818 676 3900 demum
689 3841 846 3926 recepta
859 3841 931 3919 est,
959 3839 1000 3900 et
1019 3817 1137 3900 firme
1151 3817 1343 3900 stabilita.-

239 4017 243 4028 .
294 3951 438 4060 Neque
456 3953 602 4062 exigua
622 3975 682 4037 est
699 3955 1001 4038 commendatio
1021 3955 1193 4065 alicujus
1211 3953 1346 4038 medi·

330 4161 350 4200 *
369 4157 469 4220 Pulvis
487 4159 689 4224 Porrlandicus
704 4161 793 4224 habet
805 4163 910 4223 radicis
925 4161 1117 4224 aristolochia
1132 4163 1278 4237 rotunda,
1296 4181 1342 4221 ra·

291 4261 363 4322 dicis
373 4263 525 4344 gentisne,
548 4266 752 4327 summitatum
772 4281 802 4328 et
820 4265 960 4328 foliorum
982 4267 1196 4344 chenredi-yos,
1217 4265 1342 4330 charne-

290 4365 396 4444 pitres,
413 4367 558 4434 maurit
570 4369 702 4446 minoris,
722 4369 907 4452 singulorum
920 4389 975 4450 par
988 4371 1113 4450 pondus.
