3002 5086
632 433 640 466 Ι

611 577 713 679 229

130 803 211 872 atat
229 781 424 865 ramicem
442 806 527 862 non
545 781 764 867 necessario
783 782 978 890 impedire
997 811 1173 891 purgan-

130 921 241 1004 tium
259 917 473 1018 effectum
504 939 543 999 et
562 918 635 998 ubi
651 919 684 1000 is
700 943 758 1002 est
777 921 975 1028 copiosus,
994 950 1096 1028 aeger
1115 951 1173 1006 so-

128 1081 256 1140 curua
274 1083 357 1138 esse
376 1077 506 1162 potest
524 1055 704 1138 sanitatis
724 1055 838 1137 brevi
858 1057 1056 1140 rediturae.

185 1194 420 1293 Annulum‚
448 1219 518 1298 per
538 1219 663 1300 quem
691 1193 930 1274 intestinum
956 1195 1174 1298 descendit,

128 1333 240 1418 ferro
278 1331 456 1413 dividere
501 1359 591 1413 raro
633 1334 835 1434 convenit,
877 1363 973 1415 cum
1009 1357 1173 1442 propter
1294 1311 1297 1321 ¹

127 1473 277 1571 multa,
296 1497 387 1577 quae
407 1490 498 1550 ante
518 1491 710 1574 praecepta
726 1492 835 1570 sunt,
854 1493 946 1552 tum
963 1471 1048 1552 aliis
1070 1501 1173 1579 quo·

129 1637 213 1718 que
242 1607 460 1690 decausis.
519 1607 627 1684 Nam
657 1608 926 1690 metuendum
944 1631 1015 1708 est,
1043 1637 1094 1689 ne
1114 1635 1175 1690 re-

127 1745 320 1828 medium
344 1759 499 1850 'ancepa
534 1741 775 1824 adhibeatur
805 1743 918 1849 justo
951 1746 1082 1844 citius,
1110 1743 1174 1826 vel
1198 1823 1203 1838 ,

127 1883 302 1992 plenum
334 1879 483 1962 doloris
511 1879 623 1986 justo
655 1879 802 1981 serius;
829 1903 883 1983 et,
911 1905 1024 1990 puto,
1052 1882 1171 1962 nobis

127 2043 394 2130 nequaquam
416 2039 636 2124 suppetunt
655 2018 912 2120 documenta,
931 2049 1021 2129 quae
1042 2043 1172 2102 osten-

127 2159 231 2240 dant
247 2155 399 2264 quibus
415 2153 542 2260 agria,
561 2175 600 2234 et
615 2181 698 2261 quo
715 2157 850 2236 morbi
865 2181 1058 2264 ternpore,
1074 2156 1173 2238 acal-

128 2295 287 2406 pellum
307 2291 498 2402 proderit,
525 2313 565 2372 et
584 2315 771 2396 praterea
789 2293 904 2376 nihil.

448 2499 867 2542 w

533 2777 535 2784 Α
562 2649 669 2746 Cae.
692 2667 758 2747 52.

389 2831 457 2912 De
477 2833 527 2914 In
560 2833 690 2912 atione
711 2843 750 2910 et
774 2830 923 2912 Ructat.
961 2890 964 2898 ,

191 2993 443 3086 Poenisque
478 2992 632 3071 morbis
662 2989 877 3072 ventriculi
907 3010 946 3070 et
974 2987 1176 3070 viscerum

130 3128 289 3210 accedit
322 3125 497 3228 inflatio;
528 3157 618 3236 qua
652 3129 774 3209 etiam
807 3155 897 3208 raro
929 3125 1039 3207 deest
1070 3126 1176 3206 inter

131 3252 354 3363 innumera
366 3249 483 3366 mala,
499 3267 651 3372 quibus
664 3287 862 3370 urgentur
874 3261 1178 3372 hypochondri-

132 3403 224 3502 aci3
254 3400 462 3484 interdum
492 3431 658 3510 quoque
688 3399 885 3484 antecedit
911 3401 1178 3496 accessionem

130 3537 399 3646 epilepticam.
457 3535 618 3620 Inflatio
638 3537 685 3619 fit
703 3537 827 3620 modo
853 3565 950 3618 cum
969 3537 1183 3639 cruditate,

132 3677 263 3759 modo
283 3704 380 3756 cum
394 3705 553 3774 nausea,
570 3675 742 3776 vomitu,
761 3699 832 3758 aut
850 3675 928 3758 levi
943 3673 1178 3756 difficultate

132 3813 373 3914 devorandi,
391 3815 515 3894 modo
530 3815 789 3920 cum'angore
805 3841 982 3912 summ0‚
1001 3813 1074 3919 qui
1094 3809 1180 3892 suf-

132 3951 398 4050 focationem,
416 3939 638 4032 nervorum
657 3950 933 4050 distentiones,
953 3971 1075 4056 atque
1094 3950 1180 4029 ani·

136 4115 218 4169 mae
234 4085 501 4168 defectionem
513 4088 698 4186 intentat,
712 4087 838 4168 modo
854 4113 950 4166 cum
962 4085 1070 4166 vocis
1086 4113 1182 4192 sup-

137 4223 356 4332 pressione,
374 4224 583 4330 vertigine‚
603 4247 643 4305 et
661 4221 792 4304 cordis
812 4221 1082 4329 palpitatione.

196 4361 291 4441 Hoc
310 4359 467 4440 malum
487 4389 587 4467 saepe
606 4381 860 4466 exasperatur
887 4360 977 4439 alvo
996 4358 1183 4460 astricta;

141 4495 256 4606 quod
268 4519 406 4582 tamen
423 4525 509 4582 non
524 4521 582 4582 est
594 4521 859 4608 perpetuum:
888 4519 928 4603 et
943 4523 1183 4606 quanquam
