3104 5084
814 471 918 566 252

346 687 516 788 er'rpertae
546 699 643 762 sunt
662 657 789 778 nono,
815 702 972 780 octavo,
1001 677 1214 760 autetiam
1243 677 1387 786 quinto

346 846 467 900 anno.
525 799 686 898 Verum
712 816 799 898 haec
819 816 1014 924 ptaecocia
1044 813 1249 922 profluvia
1271 817 1389 900 semel

345 975 523 1054 tantum,
551 975 621 1034 aut
635 953 699 1034 bis
717 952 824 1034 facta
843 975 962 1034 sunt:
993 981 1211 1060 nunquam
1229 982 1275 1034 ea
1293 953 1389 1035 novi
1419 1019 1421 1024 ,
1513 1057 1514 1060 Ν

347 1093 518 1197 singulis
534 1093 741 1172 mensibus
758 1091 900 1191 redire,
914 1091 989 1171 ubi
1004 1081 1201 1198 coepeiint
1216 1113 1309 1172 ante
1323 1089 1391 1172 de-
1513 1075 1514 1098 Ν

346 1229 501 1310 timum
525 1255 691 1340 annum.
750 1225 1006 1334 Hujusmodi
1025 1249 1277 1334 praematurae
1301 1256 1392 1308 san·
1513 1233 1514 1316 ῗ

346 1365 484 1469 guinis
514 1365 743 1470 eruptiones
772 1363 877 1452 nihil
906 1387 1067 1464 nocent,
1096 1391 1229 1470 neque
1256 1363 1391 1445 ullum

348 1503 576 1584 temedium
596 1502 801 1607 postulant
820 1523 962 1608 praeter
983 1502 1175 1608 quietem.

406 1639 662 1749 Quanquam
677 1660 884 1720 menstrua
897 1633 1008 1744 justa
1020 1659 1252 1743 tempestate
1267 1635 1392 1720 fluere

312 1781 314 1789 '
349 1773 586 1880 inceperint,
601 1805 701 1882 saepe
716 1797 853 1856 tamen
866 1773 925 1875 fit,
939 1796 987 1856 ut
1002 1801 1071 1881 per
1086 1802 1246 1855 annum
1257 1801 1391 1855 unum

189 1919 193 1928 ’
288 1929 292 1940 ’
348 1933 388 1994 et
408 1913 581 1992 alterum
608 1911 837 1994 inordinate
866 1913 1043 2011 redeant,
1071 1941 1205 2018 neque
1234 1935 1392 1994 certum
1513 1909 1514 1958 ³

350 2047 583 2148 circuitum,
598 2077 670 2129 nec
683 2049 857 2130 modum
872 2048 1080 2130 servantia.
1138 2048 1226 2128 Ubi
1240 2048 1317 2160 hoe
1331 2045 1392 2147 fit,

245 2226 249 2242 ·
351 2205 422 2265 aut
440 2185 514 2265 ubi
530 2181 654 2267 fluere
669 2209 882 2270 morantur
895 2187 997 2266 duos
1018 2207 1145 2267 tresve
1160 2213 1287 2266 annos
1302 2207 1390 2292 post

274 2319 277 2324 ’
350 2345 591 2404 consuetum
603 2324 825 2430 pubertatis
837 2345 1010 2429 tempus,
1025 2345 1184 2430 praestat
1196 2321 1389 2421 cunctari,
1513 2427 1514 2436 Ν

349 2481 390 2542 et
405 2487 490 2540 rem
503 2484 655 2541 natura
672 2453 900 2567 permittere
915 2461 1063 2566 potius,
1079 2489 1205 2567 quam
1218 2487 1388 2566 praepro·
1513 2445 1514 2514 ³

351 2625 444 2704 pere
463 2597 514 2676 ad
530 2597 776 2678 medicinam
795 2597 1027 2702 confugere,
1045 2597 1118 2676 ubi
1133 2596 1269 2676 nullus
1285 2621 1390 2675 mor-

352 2733 513 2846 buseet.
563 2733 725 2816 Etenim
739 2763 835 2814 cum
846 2735 933 2840 jam
946 2734 1048 2814 vires
1061 2731 1237 2839 corporis
1253 2732 1389 2812 indies
1513 2797 1514 2850 3

352 2893 588 2976 augeantur,
600 2900 686 2977 spes
702 2893 761 2953 est
775 2895 929 2954 naturae
944 2871 1068 2980 ipsius
1084 2868 1281 2952 beneficio
1292 2897 1336 2950 ea
1346 2868 1388 2948 in

351 3008 535 3090 ordinem
550 3008 765 3089 reductum
780 3008 843 3108 iri,
858 3009 1098 3116 priusquam
1110 3007 1298 3090 valetudo
1311 3035 1390 3092 erre

353 3145 457 3252 perit
469 3144 614 3226 vitiari.
661 3144 901 3256 Quinetiam
913 3165 1132 3252 postquam
1143 3145 1329 3228 mulieres
1342 3144 1392 3224 ad

354 3303 513 3364 aetatem
542 3283 809 3364 maturiorem
833 3282 1108 3392 pervenerint,
1136 3309 1283 3392 corpus
1301 3281 1393 3362 uni-
1513 3265 1514 3360 s

354 3445 518 3502 versum
537 3419 854 3525 perturbabitur,
885 3420 1043 3528 quoties
1064 3441 1272 3500 menstrua
1297 3441 1391 3500 sunt

354 3557 537 3638 multum
551 3557 801 3657 inordinata3
830 3558 996 3652 leviores
1013 3579 1148 3638 tamen
1164 3558 1316 3638 horum
1333 3583 1390 3638 er-

354 3719 479 3792 rores,
507 3692 708 3774 nimirum
726 3694 801 3774 ubi
820 3723 967 3802 paucos
985 3694 1071 3782 dies
1091 3695 1154 3774 vel
1174 3693 1314 3792 serius,
1332 3691 1391 3790 uel

355 3831 754 3937 ocyusproveniunt,
772 3859 918 3938 parum
934 3855 1004 3912 aut
1019 3829 1121 3911 nihil
1136 3827 1323 3926 officiunt
1336 3857 1391 3909 aa·
1513 3833 1514 3862 ¹

338 3989 484 4048 ,nnatn
548 4027 549 4034 a

411 4103 601 4210 Corporis
628 4103 837 4186 interdum
855 4105 929 4186 iste
959 4105 1121 4188 habitus
1141 4126 1213 4206 eat,
1241 4124 1289 4185 ut
1311 4131 1387 4184 non

355 4240 490 4321 nolum
519 4241 700 4339 abortus,
728 4265 948 4348 partusque
979 4243 1109 4324 crebri
1135 4265 1174 4322 et
1203 4240 1389 4336 difficiles,
1513 4345 1514 4350 Ἰ

357 4375 425 4456 sed
447 4375 569 4458 etiam
588 4400 730 4480 terror,
757 4379 886 4460 animi
906 4407 1047 4487 angor,
1074 4401 1113 4462 et
1131 4377 1231 4462 lenis
1250 4375 1388 4461 exerci-
