3050 5084
674 433 777 536 403

188 638 385 748 impletus
417 667 487 728 ert.
546 647 739 728 Gravidis
770 675 856 728 non
875 645 1012 753 paucis
1033 643 1170 726 visum
1184 667 1246 727 est

187 777 291 860 illud
329 783 446 889 quod
484 784 673 885 vomunt,
720 811 906 892 superare
933 783 1119 864 'modum
1157 785 1240 866 cibi
1345 857 1350 870 .

187 940 404 1026 potusque,
447 921 572 1033 idque
603 923 771 1024 diutius,
800 921 999 1004 incolumi
1029 921 1169 1002 matris
1199 943 1256 1012 et

95 1037 97 1042 ¹
188 1053 315 1146 foetus
336 1057 474 1138 salute.
1174 1138 1177 1146 .

245 1193 419 1294 Ebriosi‚
446 1217 486 1275 et
520 1216 783 1302 pregnantes,
823 1195 1028 1276 matutino
1059 1217 1241 1302 tempore
1356 1275 1360 1286 ,

186 1329 389 1435 ,Ρῐκεὶριιε
420 1358 569 1412 nausea
587 1325 805 1412 tentantur.
866 1331 981 1412 Idem
1000 1333 1159 1412 malum
1178 1360 1243 1412 so-

187 1465 297 1545 brios
314 1467 521 1548 interdum
541 1491 716 1548 exercet:
747 1469 816 1548 sed
836 1469 881 1548 in
900 1469 962 1548 his
983 1453 1258 1575 frequentius.

184 1626 259 1703 est,
287 1627 335 1686 ut
353 1606 416 1684 vel
436 1575 587 1704 statim,
613 1609 676 1686 vel
696 1607 831 1712 paucis
853 1607 963 1686 horis
983 1637 1006 1686 a
1025 1608 1118 1716 cibo
1138 1593 1241 1688 nau-

187 1767 254 1822 sea
272 1739 356 1852 fiat,
376 1771 466 1848 quae
487 1743 633 1824 deinde
653 1745 767 1824 brevi
786 1743 936 1825 desinit
955 1744 1000 1822 in
1020 1743 1239 1826 vomitum.

244 1880 506 1960 Ventriculus
527 1908 628 1987 saepe
649 1872 804 1962 laborat
820 1881 937 1962 malis
952 1908 1042 1960 non
1061 1883 1159 1979 auis,
1186 1881 1241 1961 si·

187 2017 279 2096 mul
294 2017 433 2098 dorens
449 2047 544 2098 cum
561 2019 645 2098 aliis
662 2019 839 2123 corporis
860 2021 1054 2125 partibus.
1093 2019 1239 2100 Multis
1260 2095 1261 2102 ,

187 2155 314 2236 etiam
344 2149 451 2234 vitiis
484 2157 563 2236 sibi
582 2158 753 2262 propriis
773 2177 1027 2262 opportunus
1047 2179 1119 2256 est,
1148 2185 1241 2264 quae

187 2291 563 2400 prohibentcibum
584 2297 646 2376 vel
663 2320 813 2402 capere,
832 2297 894 2376 vel
915 2297 1095 2376 retinere.
1126 2299 1243 2376 Non·
1305 2355 1310 2362 -

187 2431 304 2510 nulla
333 2459 382 2512 ex
411 2433 474 2512 his
500 2433 553 2512 in
586 2434 846 2514 cadaveribus
867 2433 1242 2540 deprehenduntur,

188 2569 328 2675 qualia
358 2592 455 2652 sunt
475 2569 631 2670 scirrhi,
660 2571 734 2678 qui
754 2571 933 2672 cardiam
956 2593 1027 2652 aut
1046 2572 1242 2678 pylorum

186 2704 433 2810 impediunt.
454 2798 457 2811 ἱ
492 2707 575 2786 Alii
593 2707 715 2813 hujus
735 2707 896 2788 visceris
912 2708 1047 2786 morbi
1062 2707 1241 2813 pendent

188 2868 239 2922 ex
270 2843 461 2923 nondum
492 2843 663 2949 cognitis
682 2843 767 2950 ejus
786 2843 1061 2942 facultatibus,
1089 2865 1129 2924 et
1147 2837 1241 2924 nul-¹

189 2977 283 3058 lum
302 2979 365 3058 sui
386 2980 603 3085 vestigium
623 2977 809 3062 ¹sensibus
829 2981 1001 3061 obvium
1021 3003 1111 3086 post
1130 3004 1241 3060 mor-

187 3137 276 3196 tem
290 3118 553 3223 relinquunt3
584 3117 935 3225 quemadmodum
951 3146 1024 3197 nec
1039 3119 1242 3226 relinque-

187 3274 304 3334 retur
319 3254 370 3334 ab
390 3253 465 3334 ista
484 3283 645 3354 nausea,
664 3282 791 3362 quam
811 3276 947 3336 movet
966 3255 1136 3335 nuntius
1149 3254 1241 3334 tris-

188 3391 257 3491 tis,
285 3391 349 3470 vel
368 3419 428 3472 res
448 3392 561 3472 foeda
589 3392 715 3472 oculis
732 3414 802 3473 aut
821 3391 1026 3472 memoria
1046 3391 1238 3498 subjecta.

189 3527 368 3608 Memini
381 3515 531 3629 virum,
547 3529 619 3636 qui
632 3557 758 3610 annos
770 3557 856 3610 non
871 3557 1017 3636 paucos
1034 3529 1238 3610 vomendo
1256 3605 1258 3610 .

189 3663 369 3746 reddidit
396 3664 480 3746 fere
504 3667 704 3773 quicquid
734 3667 958 3766 devorarat,
990 3687 1029 3746 et
1052 3687 1242 3772 praterea
1266 3746 1271 3756 ,

188 3801 374 3882 multum
401 3805 582 3905 cruoris;
620 3803 735 3910 cujus
760 3827 897 3886 tamen
926 3805 1171 3884 ventriculus
1200 3825 1250 3882 et*

189 3909 383 4021 intestina
402 3963 493 4047 post
513 3963 688 4022 mortem
707 3941 869 4022 nullum
889 3941 1025 4022 morbi
1039 3941 1240 4020 indicium

188 4073 389 4180 ferebant,
412 4079 526 4185 quod
545 4079 629 4159 duo
648 4079 912 4185 expertissimi
932 4107 976 4160 ac
996 4077 1240 4186 sagacissimi
1265 4151 1268 4164 .

190 4215 411 4296 anatomici
431 4239 594 4326 possent
609 4217 800 4322 detegere.

655 4381 678 4438 2
700 4377 728 4436 D
755 4381 775 4436 2
