3002 5086
251 647 406 740 Mulier
421 655 590 766 integtae
606 654 850 738 valetudinis
863 653 1010 762 quinto
1026 651 1244 762 gravidita-

188 793 247 878 lis
266 821 407 878 mense
426 795 549 878 sensit
573 795 794 876 humorem
815 821 837 874 e
856 791 1015 900 papillis
1039 763 1244 896 distillare,

103 978 106 988 ·
139 1041 142 1048 ι
193 934 269 1040 qui
285 962 370 1014 non
386 935 567 1017 substitit
578 934 657 1016 nisi
672 934 801 1016 biduo
817 955 1116 1040 antepartum
1144 934 1242 1018 dein

190 1097 387 1152 mammae
400 1073 504 1154 nihil
523 1071 721 1154 fuderunt
740 1097 811 1178 per
826 1097 892 1152 sex
912 1071 1022 1172 dies;
1053 1071 1123 1154 sed
1141 1073 1243 1154 die'a
1318 1099 1325 1108 ·

189 1231 315 1316 partu
335 1197 482 1317 quarto
502 1210 602 1292 lacte
621 1209 696 1292 rite
715 1207 1059 1294 distendebantur.

251 1345 312 1428 Ex
330 1329 570 1454 graviditate
588 1348 830 1454 plerumque
849 1369 1072 1428 nascuntur
1092 1373 1241 1430 nausea

188 1506 317 1591 atque
329 1483 676 1568 ardormtriculi
690 1518 703 1584 ς
732 1510 913 1591 quorum
925 1485 1115 1591 priorem,
1130 1507 1239 1591 post-

191 1649 326 1730 quam
355 1622 487 1702 multa
516 1620 671 1702 frustra
706 1641 859 1706 notata
886 1621 1062 1716 fuerant,
1091 1623 1240 1706 levavit

171 1758 461 1848 linimentum
484 1759 644 1864 saponis
673 1785 771 1839 curn
799 1758 977 1840 tinctura
1004 1753 1087 1866 opii
1106 1758 1240 1840 ventri

188 1895 348 1978 illitum
360 1895 422 1976 bis
443 1895 648 2002 quotidie:
679 1893 866 1976 ardorem
885 1913 1023 1978 autem
1041 1894 1242 1980 stomachi

187 2033 354 2114 sanavit
371 2032 535 2114 acidum
555 2031 804 2114 vitriolicum
822 2033 1014 2114 dilutum.

250 2168 469 2281 Quaedam,
487 2167 598 2248 haud
618 2169 816 2276 suspicata
835 2195 876 2258 se
890 2169 1130 2276 concepisse,
1148 2189 1237 2275 per-

146 2327 153 2356 *
190 2306 300 2390 stitit
310 2333 400 2406 non
412 2308 546 2386 solum
561 2306 605 2385 in
617 2303 811 2412 frigidam
823 2307 1061 2388 descendere
1073 2333 1143 2413 per
1157 2306 1239 2412 pri-

188 2470 284 2524 mos
297 2441 546 2550 graviditatis
556 2442 932 2542 menses,sedetiam
942 2465 1078 2552 potare
1087 2469 1238 2550 aquarn

188 2579 399 2661 marinam
417 2579 487 2680 sic,
505 2601 553 2660 ut
572 2581 685 2660 alvus
704 2579 768 2658 bis
784 2580 847 2660 vel
866 2599 927 2660 ter
942 2579 1125 2686 quotidie
1139 2579 1238 2686 deji-

187 2739 323 2816 ceret3
351 2738 474 2824 atque
490 2738 582 2796 tum
596 2716 780 2822 primum
794 2716 921 2798 libera
937 2715 1020 2798 fuit
1038 2745 1062 2796 a
1076 2743 1238 2816 nausea,

191 2883 281 2962 qua
299 2830 557 2936 vehementer
586 2851 748 2960 fatigari
767 2849 933 2954 solebat,
960 2854 1122 2962 quoties
1138 2881 1239 2960 prae-

189 3017 326 3096 gnans
344 2988 498 3102 fuisset.
556 2987 707 3070 Succus
734 2990 857 3070 etiam
876 2990 1173 3090 aurantiorum,
1199 3011 1240 3072 et

189 3123 415 3228 limosum,
457 3125 713 3234 aliorumque
750 3125 966 3206 fructuum
1013 3125 1238 3226 acidornm,

191 3245 354 3369 profuit
368 3239 558 3344 adversus
578 3263 683 3344 hanc
703 3290 907 3344 nauseam.

250 3398 424 3506 Sanguis
443 3413 492 3480 ex
517 3423 633 3481 utero
653 3399 835 3482 manavit
864 3397 1135 3508 quadraginta
1152 3399 1238 3482 dies

191 3535 304 3616 circa
320 3559 480 3618 sextum
499 3565 695 3638 mensem,
725 3565 858 3644 neque
877 3537 1025 3618 mulier
1048 3537 1241 3620 abortum
1269 3551 1274 3564 “

192 3669 303 3754 fecit.
362 3675 499 3754 Aliam
528 3666 710 3782 cognovi
731 3675 798 3756 cui
817 3699 888 3782 per
913 3695 1044 3756 totam
1065 3675 1242 3780 gravidi-

194 3831 324 3892 tatem
360 3833 570 3894 menstrua
612 3809 737 3894 fluere
778 3813 893 3920 justo
929 3835 1112 3920 tempore
1156 3841 1242 3896 non

194 3925 397 4056 desierant
416 3975 547 4056 usque
567 3949 618 4030 ad
637 3971 830 4056 partum3
857 3969 1000 4058 quater
1019 3971 1156 4034 autem
1174 3979 1243 4062 pe·

195 4105 363 4190 perstat.
580 4179 592 4188 1

252 4221 462 4324 Mulieres,
482 4249 572 4330 quae
587 4222 740 4330 phthisi
753 4221 959 4330 pulmonis
979 4245 1246 4330 occupantur,-

195 4380 357 4466 promte
377 4359 627 4469 concipiunt,
643 4381 684 4442 et
694 4359 799 4442 dum
810 4359 989 4470 gravidae
1007 4381 1116 4462 sunt,
1130 4359 1240 4444 tobes

682 4519 715 4576 tt
731 4519 761 4578 :2
