2990 5078
333 695 571 804 purulento,
598 693 662 778 vel
681 693 947 794 cumdolore,
976 693 1288 802 autvprurigine,
1306 693 1368 778 vel

332 855 509 941 utroque
532 855 732 932 vacantes3
763 818 1097 942 quaedam'etiam
1122 859 1246 939 prope
1265 859 1370 914 acce·

332 970 441 1050 dunt
467 969 519 1050 ad
536 953 810 1050 furunculos(
847 965 1049 1075 Denique,
1079 996 1236 1074 ungues
1264 967 1371 1050 fiunt

334 1106 475 1212 asperi,
489 1107 622 1206 crassi,
636 1129 675 1188 et
696 1106 915 1213 squamosi.
975 1105 1148 1186 Pusrulae
1172 1106 1373 1206 confertae‚

332 1243 499 1350 exiguae,
517 1271 623 1350 aqua
641 1245 780 1350 plenae,
808 1223 1027 1348 postquam
1049 1264 1181 1348 ruptae
1206 1242 1391 1345 fiierint,'

333 1380 492 1488 punctis
523 1373 697 1460 cruentis
727 1401 863 1484 cutem
883 1365 1141 1479 notaverunt,
1171 1403 1257 1458 non
1287 1377 1374 1462 sine

334 1515 543 1622 prurigine
561 1538 600 1596 et
619 1505 768 1620 dolore.
829 1545 833 1548 ·
876 1613 881 1620 ¹
1188 1619 1193 1628 ι

345 1662 351 1672 ’
389 1652 511 1732 Vitiis
531 1651 633 1732 cutis
653 1651 778 1732 modo·
797 1647 1029 1732 memoratis
1049 1648 1219 1769 nomina
1238 1651 1374 1759 impo-

198 1817 223 1842 ··
335 1811 503 1870 suerunt
523 1787 670 1892 medici
689 1807 860 1896 veteres3
891 1783 1004 1894 quod
1018 1787 1286 1895 vero-'cuique
1300 1802 1375 1870 no-'

333 1949 429 2006 men
439 1927 583 2005 datum
594 1947 666 2025 est,
679 1921 799 2005 hodie
814 1951 888 2004 nec
901 1923 1004 2006 scitu
1019 1921 1135 2005 facile
1148 1947 1219 2026 est,
1239 1903 1375 2033 neque

201 2164 211 2184 ο
311 2061 514 2142 ‘multum
544 2053 664 2143 refert
689 2059 798 2143 scire.
859 2061 1144 2174 Quamobrem
1176 2061 1373 2145 distribu-

335 2197 462 2279 tiones
492 2198 643 2278 horum
662 2179 905 2278 morborum
932 2198 978 2278 in
998 2197 1125 2279 varias
1146 2199 1308 2305 species,
1336 2221 1384 2281 et·

334 2331 487 2436 titulos,
512 2359 602 2442 quae
622 2331 722 2415 olim
740 2333 993 2434 obtinebant,
1011 2333 1122 2415 nune
1144 2333 1227 2416 fere
1245 2337 1375 2442 negli-

333 2479 501 2577 guntur.
559 2473 618 2550 Ex
633 2471 695 2551 his
716 2471 895 2578 plurimi,
922 2471 995 2577 qui
1015 2469 1177 2577 proprio
1203 2472 1374 2554 nomine

335 2609 627 2714 carent‚vulg0,
639 2607 707 2688 sed
720 2633 865 2714 par-um
876 2631 992 2707 recte,
1005 2605 1254 2713 appellantur
1265 2633 1373 2688 scor·
1482 2705 1483 2708 Ἴ

334 2743 474 2824 butici.
523 2747 584 2824 De
599 2771 693 2824 vero
713 2745 917 2842 scorbuto‚
936 2765 975 2847 et
987 2743 1108 2848 lepra,
1126 2741 1229 2822 nihil
1241 2743 1373 2825 habeo
1482 2777 1483 2794 ¹

335 2877 601 2998 quoddicam‚
612 2905 709 2958 cum
721 2879 817 2959 alter
829 2879 1056 2959 rarissimus
1066 2877 1374 2981 estinurbibus,

333 3011 455 3096 altera
472 3015 516 3095 in
531 3016 679 3122 Anglia
693 3041 792 3121 pene
812 3013 973 3120 ignota:
1002 3013 1113 3094 unde
1127 3013 1284 3097 factum
1299 3037 1373 3116 est,

335 3175 382 3233 ut
404 3152 476 3232 hos
499 3147 663 3232 morbos
693 3177 911 3258 nunquam
930 3151 1166 3231 curaverim.
1226 3155 1374 3234 Praeter

242 3267 251 3286 ’
327 3289 408 3403 bos
437 3312 586 3387 autem,
619 3287 782 3388 scabies,
809 3289 963 3394 herpes,
991 3309 1030 3369 et
1062 3287 1239 3396 porrigo,
1273 3313 1373 3372 sunt

334 3425 416 3506 fere
445 3427 527 3522 sola
555 3407 658 3507 cutis
678 3427 789 3524 vitia,
817 3453 909 3531 quae
928 3425 1109 3531 plerique
1137 3425 1285 3507 medici
1304 3427 1373 3509 iis-

333 3559 429 3641 dem
443 3555 679 3642 nominibus
699 3561 910 3641 nominare
928 3541 1228 3641 consenserunt.

375 3695 573 3778 Nonnulli
583 3699 686 3779 cutis
697 3697 1107 3812 morbiaparentibus
1116 3697 1372 3800 derivantur3

333 3857 373 3917 et
386 3835 459 3915 ubi
479 3837 556 3916 hoc
576 3863 660 3915 non
673 3829 732 3940 fit,
752 3857 888 3915 tamen
904 3861 1005 3940 saepe
1019 3833 1171 3915 habent
1189 3835 1371 3937 initium,

211 3984 213 3998 '
310 3963 312 3966 ’
331 3998 416 4051 non
435 3993 519 4052 tam
538 4001 560 4051 a
579 3971 681 4051 cutis
697 3970 820 4076 ipsius
841 3969 954 4069 vitio,
974 3997 1100 4076 quam
1115 3997 1139 4050 a
1157 3973 1266 4052 malo
1276 3997 1370 4057 cor-

330 4109 438 4214 poris
447 4105 767 4214 habitu3‘quales
778 4129 886 4207 sunt,
898 4108 971 4214 qui
981 4105 1155 4188 infantes
1165 4127 1368 4191 nascentes

280 4273 285 4278 ·
330 4267 540 4350 occupant,
551 4267 590 4325 et
600 4273 696 4324 cum
709 4248 843 4350 paucis
857 4243 1225 4326 intermissionibus
1238 4273 1369 4354 usque

329 4383 381 4492 od
392 4381 532 4463 mortis
549 4381 657 4463 diem
677 4401 940 4495 perseverant.
990 4383 1083 4463 Post
1101 4377 1313 4464 morbillos
1328 4401 1367 4464 et
