3104 5084
610 543 706 637 est

151 745 394 850 intumuerit,
408 773 506 831 cum
522 748 604 832 cibi
619 747 797 850 fastidio,
811 747 951 850 macie,
964 747 1183 853 debilitate,

151 885 318 995 spirandi
346 883 595 986 difficultate,
627 909 667 968 et
700 887 786 968 aliis
820 885 1005 966 instantis
1040 885 1184 969 mortis

151 1025 278 1132 signis,
296 1023 401 1105 nihil
420 1045 519 1106 tunc
535 1007 671 1105 moliri
685 1044 816 1131 potest
830 1023 1025 1123 medicus,
1044 1023 1122 1105 nisi
1136 1043 1187 1107 ut

150 1161 326 1244 remediis
354 1160 498 1268 opiatis
515 1161 689 1244 leniatur
702 1139 832 1262 dolor,
851 1189 1101 1268 somnusque
1120 1161 1186 1242 in·

150 1299 328 1400 ducatur,
355 1319 395 1392 et
422 1299 538 1380 ulcus
573 1327 727 1406 purum
760 1321 950 1380 servetur.
1008 1298 1077 1383 Ad
1105 1297 1186 1380 hoc
1279 1273 1282 1284 ¹

152 1437 243 1518 utile
253 1435 331 1518 erit
343 1463 444 1544 saepe
459 1435 642 1545 quotidie
654 1437 769 1518 ulcus
789 1436 951 1517 abluere
963 1461 1069 1545 aqua
1082 1442 1186 1538 aire,

149 1573 217 1679 qui
244 1571 351 1654 finus
384 1597 565 1674 vocatur,
593 1575 723 1680 plena,
751 1559 816 1654 vel
842 1573 1051 1678 imponere
1079 1593 1185 1654 cata-

147 1709 293 1818 plasma
330 1737 380 1791 ex
413 1711 616 1792 radicibus
647 1711 770 1792 dauci
798 1708 1011 1810 hortensis,
1039 1707 1184 1802 eodem

148 1853 229 1930 aire
246 1847 414 1929 refertis.
473 1849 630 1930 Notatu
649 1848 825 1954 dignum
839 1869 898 1928 est
917 1845 1093 1952 gradum
1111 1845 1186 1926 do-

149 1985 235 2066 loris
248 1987 293 2066 in
304 1985 475 2067 diversis
491 1987 605 2093 aegris
621 2015 702 2067 esse
717 1984 944 2066 admodum
958 1983 1182 2064 diversum:

148 2123 297 2231 quippe
321 2123 374 2204 in
406 2123 493 2204 aliis
525 2124 787 2230 gravissimus
813 2121 996 2224 videtur;
1023 2121 1068 2202 in
1097 2119 1184 2202 aliis

148 2259 252 2363 levis,
280 2285 406 2369 atque
419 2261 573 2343 nullius
593 2260 805 2344 momenti.

460 2511 856 2536 m

561 2636 669 2719 Gne.
690 2637 758 2716 62

505 2795 574 2878 De
594 2793 831 2878 Menstruis.

197 2961 362 3043 Ouuns
384 2979 540 3041 norunt
568 2956 1087 3065 quantum-commercium
1113 2955 1185 3038 ba-

147 3095 233 3178 beat
251 3112 514 3180 menstruum
533 3093 803 3176 foeminarum
822 3090 1073 3201 profluvium
1087 3121 1186 3176 cum

148 3233 385 3316 valetudine.
446 3231 634 3346 Quilibet
665 3229 836 3311 morbus
869 3231 990 3337 paulo
1023 3230 1186 3337 gravior

147 3371 355 3454 consuevit
391 3369 626 3478 perturbare
659 3365 846 3448 ordinem
875 3365 997 3474 hujus
1032 3363 1188 3474 proflu-

146 3505 224 3608 vii3
254 3535 347 3614 quae
378 3505 643 3615 perturbatio,
671 3523 743 3584 aut
760 3503 999 3612 suppressio,
1029 3503 1062 3584 si
1095 3503 1188 3584 diu-

147 3643 303 3728 tumiot
342 3645 406 3744 sit,
434 3665 473 3725 et
511 3643 595 3725 sine
628 3639 880 3750 graviditate,
912 3619 1187 3722 valetudinem
1304 3664 1307 3673 ¹

148 3805 300 3888 semper
330 3781 568 3888 corrumpit.¹
626 3775 877 3860 Crediderim
907 3799 1044 3858 tamen
1072 3799 1195 3857 men-·

148 3936 254 3998 strue
283 3917 516 3999 inordinate
543 3915 686 4024 saepius
717 3941 800 3996 esse
825 3911 1029 4015 effectum,
1059 3941 1187 4021 quam

149 4079 310 4134 causam
327 4055 502 4136 aliorum
520 4053 777 4135 morborum.

200 4189 414 4274 Menstrua
426 4194 666 4300 plerumque
685 4187 889 4295 incipiunt
909 4185 1015 4270 inter
1033 4185 1187 4268 duode-

149 4323 317 4429 cimum,
333 4351 373 4410 et
391 4328 599 4410 decimum
618 4326 814 4434 quintum
840 4351 1020 4404 annum:
1049 4343 1188 4404 tamen
1263 4359 1265 4364 ·

148 4459 278 4549 levem
289 4467 495 4576 sanguinis
508 4463 658 4554 uterini
669 4489 836 4551 cursum
847 4461 1035 4572 quaedam
1046 4459 1187 4570 puelle
