3050 5084
595 405 599 411 ’
644 433 787 562 ²379

216 687 345 768 quam
365 659 469 768 passi
483 657 776 759 notorious,
790 679 881 742 tuto
899 685 1013 764 posse
1027 659 1259 758 versari,at-

216 827 298 906 que
311 799 434 880 etiam
445 798 624 878 dormire
643 823 740 881 cum
755 795 913 878 infectis
932 823 1003 902 per
1013 796 1117 876 duos
1129 819 1259 879 tresve

215 935 370 1042 primos
386 935 644 1042 pustularum
655 935 751 1014 dieo.
808 932 990 1014 Tamdiu
1004 933 1116 1018 enim
1131 931 1257 1014 abhis
1323 971 1327 979 -

217 1071 376 1176 aegrotis
411 1071 517 1154 nihil
551 1073 714 1154 videtur
751 1061 920 1177 periculi
955 1097 1048 1153 esse.
1107 1071 1261 1152 Mulier

217 1207 409 1314 quaedam
436 1235 610 1315 puerum
635 1208 807 1288 lactabat
834 1205 1012 1286 biduum
1040 1227 1260 1314 postquam

217 1341 377 1428 variola
396 1347 442 1428 in
466 1370 558 1428 cute
576 1367 673 1426 ortae
702 1366 840 1444 erant;
868 1343 1014 1431 deindo
1032 1371 1129 1423 vero
1157 1367 1263 1450 puer-

87 1559 94 1572 ,
218 1504 379 1566 amotus
405 1507 476 1582 est,
494 1505 545 1564 ‚et
571 1483 705 1563 evasit.
725 1481 965 1567 incolumis:
994 1501 1036 1560 at
1060 1481 1125 1560 ille
1154 1505 1260 1564 certe

218 1617 331 1700 infici
358 1641 524 1726 poterat,
553 1618 751 1726 quoniam
779 1617 1022 1726 sesquianno
1047 1639 1185 1698 exacto
1214 1621 1260 1700 in

218 1783 316 1840 eum
332 1757 530 1844 morbum
549 1755 703 1856 incidit.

275 1893 511 1979 Parentibus
545 1893 750 2000 aliquibus
781 1892 918 1973 visum
950 1911 1022 1993 est,
1056 1893 1260 2000 siquidem
1308 1941 1309 1944 κ

218 2057 328 2112 unus
345 2059 397 2112 ex
414 2030 549 2112 liberis
569 2031 614 2110 in
632 2030 799 2110 variolas
814 2029 1031 2130 incidisset,
1050 2037 1135 2110 n'on
1149 2061 1261 2111 amo·

221 2195 313 2252 vere
327 2167 517 2282 reliquos,
545 2166 614 2248 aed
632 2167 761 2247 tinere
785 2187 834 2249 ut
853 2183 994 2246 omnes
1021 2193 1105 2247 una
1124 2195 1263 2248 mane·

219 2325 312 2388 rent
330 2304 377 2390 in
401 2305 542 2385 eadem
561 2303 699 2404 domo,
727 2325 798 2384 aut
815 2303 938 2384 etiam
957 2303 1001 2387 in
1019 2301 1164 2384 eodem
1189 2331 1264 2384 cu-

220 2439 369 2528 biculo.
427 2445 484 2522 At
516 2463 626 2524 sexto
663 2440 904 2550 plerumque
940 2439 1007 2528 die
1043 2463 1267 2549 postquam

223 2579 392 2658 morbus
413 2579 464 2658 ad
492 2610 601 2682 ακμην
619 2577 855 2684 pervenerit,
884 2577 970 2656 sani
989 2578 1104 2682 pueri
1131 2607 1264 2685 coepe-

222 2737 321 2798 runt
335 2737 524 2822 aegrotare
534 2749 550 2816 »ς
577 2715 688 2795 unde
707 2711 921 2794 verisimile
936 2711 996 2812 fit,
1012 2712 1088 2794 hoc
1103 2716 1261 2821 potissi-

222 2881 343 2946 mum
360 2876 541 2960 tempore
559 2851 729 2934 variolas
750 2849 837 2932 fieri
855 2849 1118 2956 contagiosas‚
1140 2875 1263 2960 atque

221 2988 333 3081 idem
351 2987 788 3096 spatiumintorcedere
806 3009 897 3067 ante
912 2987 1077 3068 initium
1095 3013 1264 3094 aegrota-

222 3123 359 3226 tionis,
377 3154 421 3206 ac
442 3123 529 3208 fieri
547 3125 738 3206 novimus
759 3125 803 3206 in
822 3123 1022 3231 plerisque
1036 3111 1260 3208 inoculatio.

221 3263 505 3346 Veruntamen
516 3261 737 3370 aegrotandi
744 3259 990 3368 principium
1003 3263 1123 3368 longe
1133 3263 1262 3368 magis
1332 3299 1337 3306 ·

222 3397 425 3492 incertum
439 3423 498 3482 est
515 3400 560 3480 in
574 3399 652 3499 hit,
669 3427 796 3506 quam
806 3399 851 3480 in
870 3398 1036 3505 illisqui
1056 3397 1265 3484 inoculan-

223 3558 316 3634 tur;
347 3537 496 3644 quippe
515 3564 600 3618 nou
619 3537 848 3643 omnesqui
868 3536 912 3616 in
926 3535 1069 3616 eodem
1083 3537 1264 3623 conclavi

224 3697 465 3780 auntpaeque
480 3673 731 3782 objiciuntur
749 3671 941 3754 halitibua
956 3675 1175 3776 variolosis,
1193 3697 1265 3756 aut
1357 3687 1373 3700 “

223 3812 529 3893 contrectationi
539 3812 716 3906 vo'otium
728 3833 799 3892 aut
810 3811 1039 3898 linteorum.
1088 3813 1267 3894 Memini

223 3949 342 4032 binos
362 3977 520 4057 pueros,
532 3953 605 4058 qui
621 3977 718 4038 etun
733 3951 856 4032 altero
871 3951 1031 4052 variolit
1047 3973 1267 4057 aegrotante

223 4088 403 4178 conclusi
421 4087 596 4188 fiterant,
614 4115 746 4197 noque
761 4111 897 4170 tamon
916 4087 994 4168 hoc
1009 4089 1168 4186 morbo,
1185 4087 1264 4172 nisi

224 4245 316 4330 post
332 4251 525 4325 mensem,
537 4225 709 4332 compti
724 4247 830 4316 aunt.
866 4225 1267 4338 *Quotidianumesq
1386 4249 1388 4254 ’

223 4381 275 4444 ut
299 4360 330 4444 ii
360 4363 447 4480 qui,
475 4383 524 4448 ut
548 4361 723 4465 uidetur,
749 4361 895 4456 eodem·
921 4383 1102 4470 tempore
1128 4371 1269 4444 conta-
