3050 5084
787 475 893 576 848

737 815 846 912 Car.
868 829 935 910 80.

635 1003 705 1090 De
725 989 882 1092 Semina
905 1009 1034 1094 Virili.

374 1197 466 1308 Qut
489 1192 681 1280 Venereis
708 1169 985 1304 voluptatibus
1015 1221 1157 1306 praeter
1186 1201 1362 1282 modum

316 1332 573 1432 dedissunt,
602 1357 743 1438 poenas
763 1331 864 1419 dant
891 1332 1015 1440 hujus
1039 1333 1361 1442 intemperantiae

315 1467 428 1553 haud
442 1469 641 1554 ¹mediocri
660 1470 855 1578 languore
874 1472 1056 1580 corporis¹
1072 1471 1283 1582 animique
1303 1473 1364 1554 af-

314 1607 427 1692 flicti.
475 1609 622 1692 Semen
639 1605 703 1688 his
719 1607 818 1688 solet
833 1609 955 1690 nimis
983 1633 1141 1716 promte
1160 1609 1279 1712 elabi,
1299 1611 1362 1692 in-

265 1764 266 1772 ‘
313 1745 480 1830 terdum
498 1745 621 1830 etiam
640 1743 725 1828 sine
745 1773 878 1846 sensu,
896 1767 936 1826 et
955 1768 1093 1848 noctu,
1112 1769 1151 1830 et
1165 1747 1358 1830 interdiu.

315 1883 484 1966 Lavatio
502 1881 651 1990 frigida
667 1882 969 1994 aliquantulum
989 1883 1161 1990 prodest
1220 1886 1363 1968 Protei·
1408 1949 1411 1956 .

313 2047 448 2127 puum
467 2044 604 2112 autern
622 2017 745 2126 hujus
765 2017 929 2103 affectus
949 2019 1184 2126 praesidium
1201 2045 1262 2102 est
1278 2023 1361 2106 vita

316 2179 436 2256 casta,
454 2183 545 2264 quae
560 2158 680 2264 longe
691 2154 800 2262 fugit
815 2183 982 2237 omnem
996 2149 1247 2238 occasionem
1267 2159 1361 2239 libi-

183 2386 186 2392 ,
314 2293 423 2379 dinis
442 2289 769 2378 inflammandae:
800 2293 898 2378 huic
918 2293 1097 2378 remedio
1118 2295 1191 2406 qui
1211 2293 1361 2394 fidunt,

316 2431 518 2518 rarissime
537 2459 605 2538 spe
625 2459 698 2510 sua
717 2429 999 2514 destituentur.
1059 2431 1236 2513 Memini
1255 2431 1359 2514 duos

315 2563 421 2651 mihi
436 2595 614 2650 narrasse
630 2593 766 2646 semen
783 2595 907 2646 suum
926 2565 1213 2650 fuissecoloris
1233 2565 1340 2650 fusci
1347 2601 1359 2668 ς

315 2706 431 2816 quod
463 2702 633 2788 forsitan
662 2703 817 2784 facturn
847 2727 906 2785 est
936 2732 983 2784 ex
1013 2707 1160 2784 venula
1179 2705 1358 2812 quadam

315 2866 447 2950 rupta.
507 2842 816 2956 Qualiscunquo
836 2839 973 2921 autem
992 2841 1117 2924 fuerit
1136 2871 1269 2942 causa,
1293 2842 1358 2924 hic

316 2982 427 3066 color
455 2979 612 3066 diutule
640 2979 826 3092 perstitit,
855 2979 976 3090 iliaesa
996 2979 1147 3080 horum
1174 2979 1360 3062 virorum

317 3099 557 3205 valetudine.

628 3327 1046 3367 W

743 3493 849 3575 Cur.
873 3495 938 3572 81.

691 3678 760 3766 De
781 3677 986 3788 Singulis.

372 3869 640 3952 anemos
670 3888 710 3950 et
729 3864 859 3970 longis
888 3885 927 3943 et
957 3861 1084 3942 acutis
1102 3859 1263 3980 *morbis
1291 3853 1358 3941 aii-

318 4001 485 4114 quando
522 4003 685 4086 accedit.
722 4035 726 4052 ·
756 3999 968 4084 Interdum
1002 3997 1201 4105 praecessit
1233 4023 1356 4077 acces·

318 4145 451 4224 siones
467 4141 707 4250 epilepticas,
725 4161 765 4222 et
784 4165 880 4220 cum
900 4135 1072 4245 paralysi
1088 4133 1211 4232 simul
1229 4131 1356 4215 factus

318 4303 377 4362 est
390 4315 401 4380 ;
431 4301 522 4360 raro
550 4279 672 4362 etiam
692 4277 804 4359 abest
835 4275 886 4358 ab
911 4275 1053 4381 hepate
1083 4269 1296 4372 scirrhoso,
1321 4287 1359 4350 et

319 4445 622 4526 nonnunquam
651 4413 848 4524 reperitur
877 4413 920 4494 in
941 4413 1064 4494 ictero
1098 4405 1291 4519 simplice,
1316 4403 1358 4486 in
