3104 5084
333 701 485 807 quibus
504 682 655 778 iterum
673 696 905 805 iterumque
920 698 1027 780 oculi
1046 697 1283 784 laborarunt
1297 703 1373 788 im-

331 835 472 944 positis
492 832 811 934 cantharidibus,
828 857 869 916 et
886 835 951 922 hie
970 836 1136 918 remotis
1165 839 1252 918 sani
1279 837 1374 922 facti

330 994 450 1074 sunt3
479 995 528 1056 ut
539 971 625 1054 haec
637 972 790 1078 opinio,
803 971 837 1054 si
852 999 1016 1080 prorsus
1028 997 1130 1060 esset
1142 976 1289 1079 inanis,
1306 979 1373 1063 vix

330 1109 443 1192 nasci
463 1129 504 1192 et
520 1111 570 1190 in·
585 1131 748 1192 tautum
767 1111 1010 1194 crebmsoere
1025 1113 1230 1219 potuisset

387 1247 520 1328 Variae
535 1268 665 1354 partes
681 1247 895 1339 oculorum
905 1271 1144 1356 opportunae
1158 1273 1255 1346 sunt
1268 1253 1374 1335 ulte-

226 1365 228 1370 ⁵
310 1382 461 1483 sibus,
479 1405 519 1464 et
533 1383 828 1472 carcinomati.-

328 1569 331 1578 -
385 1521 615 1621 Imbecillis,
660 1544 701 1606 et
744 1549 852 1628 aqua
872 1613 874 1616 ,
896 1519 1060 1604 suffusis
1098 1525 1224 1608 oculis
1272 1551 1373 1634 saeps

332 1658 484 1738 auxilio
513 1681 610 1738 sunt
627 1685 743 1765 aquae
765 1685 856 1765 quae
883 1661 1086 1767 purgandi
1104 1662 1193 1744 rim
1221 1661 1393 1758 habene

330 1819 479 1902 quarto
499 1825 666 1904 quoque
684 1823 804 1877 mane
817 1819 957 1906 epotas,
977 1817 1016 1878 et
1030 1799 1173 1880 eodem
1192 1821 1373 1908 tempore

330 1961 448 2040 aqua
477 1934 521 2013 in
551 1961 634 2040 qua
662 1908 796 2014 eortex
825 1935 1071 2018 Peruvianus
1100 1936 1289 2018 decoctus
1314 1959 1374 2022 est

331 2071 461 2150 unciae
474 2071 565 2151 dua
578 2071 640 2154 bis
654 2071 836 2177 quotidie
848 2093 1002 2152 sumtu.
1062 2075 1197 2153 Multa
1207 2073 1372 2182 collyria

327 2205 525 2298 dicuntur
554 2207 739 2312 prodesse
767 2207 959 2290 adversus
987 2209 1306 2290 imbecillitatem
1333 2232 1373 2304 et
1483 2221 1486 2226 “

328 2343 488 2426 dolores
508 2345 735 2444 oculorum,
746 2371 838 2451 quae
851 2343 1006 2426 habent
1018 2343 1183 2428 zincum
1194 2343 1378 2452 vitriolag

208 2467 210 2476 ’
328 2502 436 2589 turn,
463 2482 527 2561 vel
541 2482 797 2581 caldunum,
817 2505 887 2564 aut
905 2463 1066 2583 tutiam,
1085 2505 1155 2565 aut
1169 2507 1371 2580 oerussam

329 2613 536 2717 aestatem,
560 2641 632 2716 ¹aut
659 2619 837 2724 denique
867 2619 1057 2724 spiritum
1086 2619 1174 2700 vini
1205 2623 1305 2702 lacte
1333 2643 1370 2716 et

329 2753 636 2858 aquamistum.
695 2755 802 2868 Quae
823 2755 974 2854 omnia,
992 2775 1039 2836 ut
1054 2754 1264 2842 interdum
1277 2781 1370 2863 pro·

329 2887 496 2986 fuerint,
515 2891 647 2972 multo
667 2889 810 2996 saepius
830 2915 987 2996 agrum
1005 2891 1265 2976 frustrantur.

385 3022 728 3108 inflammationes
749 3025 1034 3133 palpebrarum
1053 3050 1279 3130 strumosae,
1296 3029 1370 3112 ubi

327 3163 469 3244 oculus
500 3163 584 3272 ipse
595 3165 671 3244 ¹riu
701 3163 874 3264 luditur,
902 3165 1110 3270 sauguinis
1134 3165 1368 3260 missionem

328 3287 440 3378 haud
454 3301 683 3404 postulant3
713 3299 876 3408 quodsi
894 3300 1002 3381 oculi
1014 3299 1091 3406 ipsi
1110 3299 1367 3396 inflamment

328 3453 410 3533 tur,
435 3437 665 3528 maximum
695 3437 932 3546 prasidium
959 3459 1018 3518 est
1035 3436 1081 3518 in
1112 3437 1252 3526 crebra
1279 3465 1368 3522 sana

233 3585 245 3645 ,·
326 3570 463 3674 guinis
472 3572 736 3688 detractione,
747 3601 838 3682 quse
849 3572 1227 3668 convenientissime
1238 3573 1288 3658 fit
1298 3603 1367 3684 pet

327 3707 537 3799 hirudines
557 3711 823 3818 temporibus,
841 3711 905 3791 vel
923 3695 1016 3818 post
1033 3737 1162 3812 aures,
1184 3711 1365 3795 admotas

325 3843 499 3952 septimo
517 3849 581 3928 vel
599 3848 721 3940 etiam
734 3869 880 3956 quarto
895 3875 1063 3956 quoque
1081 3845 1147 3935 die
1167 3850 1366 3956 quamdiu

185 4037 192 4046 ,
326 3979 597 4068 inflammatio
615 4009 787 4072 maneat.

384 4123 677 4228 Cataplasmata
694 4151 716 4206 e
733 4149 927 4206 conserva
940 4143 1139 4224 rosarum,
1151 4125 1216 4204 vel
1233 4123 1365 4232 potnit

328 4257 546 4359 continual
573 4257 763 4342 interiore
791 4282 901 4367 parte
920 4259 1034 4368 panis
1064 4259 1164 4342 lac'ts
1187 4259 1365 4360 subacta,

328 4395 444 4479 tenui
471 4395 595 4480 linteo
620 4397 791 4500 inclusa,
818 4420 858 4482 et
885 4423 1006 4508 super
1025 4398 1164 4482 oculos
1196 4396 1363 4510 siugulis
