3002 5086
525 443 526 452 Ν
619 496 712 608 171

150 705 464 789 cuturumerw
491 697 744 784 Crediderim
755 683 977 786 honoretur
986 703 1123 787 inanes
1138 735 1187 790 ex

149 841 230 924 istie
249 840 365 948 aegrie
383 861 493 922 ortoe
513 865 609 940 erre,
628 865 811 946 quorum
829 837 988 922 febrem
1006 821 1188 926 medicor

148 977 246 1060 salto
251 977 472 1085 judicasset
483 1003 566 1058 erse
579 975 931 1078 intermittentem,
945 1004 1042 1060 cum
1053 1005 1190 1064 revera

148 1115 299 1199 hectico
317 1135 442 1216 erret,
470 1113 841 1223 glandularumque
859 1116 958 1198 vitia
980 1143 1067 1198 non
1084 1117 1191 1200 faeta

149 1282 228 1339 erre
246 1281 297 1336 ex
321 1252 468 1337 cortice
488 1252 726 1354 Peruviano,
754 1281 899 1336 verum
917 1255 1047 1362 ipsam
1065 1253 1191 1340 fuirre

150 1389 273 1474 febris
294 1417 468 1474 caueam.

154 1561 161 1597 r
204 1529 253 1608 In
272 1527 428 1608 morbis
447 1526 579 1634 longis
608 1526 683 1634 qui
702 1526 787 1610 aliie
808 1526 994 1610 remediis
1023 1553 1110 1610 non
1128 1556 1192 1612 ce-

149 1663 267 1766 dunt,
296 1663 393 1771 aegri
411 1663 464 1746 ad
482 1691 606 1774 equae
631 1663 871 1746 Bathonicae
891 1664 1125 1770 confugere,
1151 1687 1194 1748 et

152 1803 358 1884 voluntate
396 1829 482 1903 sua,
508 1823 549 1886 et
586 1801 814 1884 amicorum
851 1800 1017 1882 hortatu
1050 1803 1191 1890 solent.

151 1941 324 2039 Verum,
342 1961 390 2020 ut
408 1937 513 2020 nihil
531 1937 667 2022 dicam
680 1938 731 2019 de
749 1937 1020 2018 incommodis
1039 1937 1194 2026 itinerit

152 2073 340 2176 faciendi,
353 2074 452 2158 etin
465 2074 590 2156 domo
605 2075 734 2158 aliena
747 2074 925 2176 vivendi,
944 2076 1203 2182 quibuscum

154 2234 305 2319 egroto
342 2207 663 2296 conflictandum
700 2234 772 2312 ert,
810 2239 925 2320 aquae
964 2211 1229 2296 Bathonicae'

155 2375 318 2457 prorsus
333 2349 470 2432 alienae
483 2369 579 2434 eunt
591 2349 636 2430 in
646 2348 760 2430 febre
773 2347 940 2449 hectica,
955 2377 1082 2456 quam
1093 2377 1197 2430 sem-

155 2513 223 2594 per
248 2485 485 2588 intendunt,
514 2485 641 2568 auctio
668 2485 862 2572 omnibus
891 2485 1131 2594 aegrimalis,
1157 2507 1199 2568 et
1250 2494 1260 2506 ”

141 2647 292 2742 ‚morte
306 2644 528 2732 properata.

488 2803 866 2848 Q

582 2996 688 3082 Cur.
710 3000 778 3078 40.

342 3257 344 3262 ,
466 3157 534 3240 De
555 3158 711 3242 Fistula
731 3160 774 3240 iu
793 3159 895 3240 Ano.
941 3202 945 3212 =

213 3323 423 3422 Scrrnrrr,
449 3321 596 3420 ulcera,
621 3341 662 3402 et
680 3317 822 3402 fistulae
842 3319 888 3400 in
907 3345 998 3419 ano,
1023 3340 1064 3400 et
1080 3317 1203 3402 inter-

160 3457 248 3542 tino
267 3481 391 3559 recto,
409 3457 592 3540 inferunt
612 3457 802 3558 tormina,
820 3477 1063 3556 tenesmum,
1090 3455 1204 3563 c'upi-

160 3595 333 3680 ditatem
350 3617 390 3678 et
409 3595 533 3678 simul
560 3591 841 3676 difficultatem
859 3593 1003 3694 utine,
1030 3591 1205 3675 inconti·
1233 3599 1237 3608 '

162 3733 347 3817 nentiam
385 3731 594 3841 quandam
626 3731 719 3832 alvi,
747 3731 986 3838 dejectiones
1019 3759 1206 3814 mucosar

165 3893 236 3952 aut
246 3891 447 3970 cruentae,
461 3891 503 3952 er
512 3891 685 3952 stercora
696 3867 837 3983 figurae
850 3897 1099 3976 comprmsae,
1113 3867 1208 3952 hor-

165 4031 287 4106 rores,
306 4005 588 4090 terticulorum
603 4027 781 4088 tumores
797 4027 868 4088 aut
887 4005 1095 4088 interdum
1107 4031 1208 4110 gan-

166 4169 360 4249 graenam,
378 4143 533 4226 dolores
549 4171 685 4250 vagor,
703 4141 827 4228 etiam
845 4143 1009 4228 remotis
1025 4141 1207 4259 partibus

169 4303 337 4364 artuum
355 4279 605 4364 inherentes.
1223 4365 1229 4378 ,

223 4417 372 4506 Ulcera
381 4417 562 4508 intestini
577 4417 676 4506 recti
689 4443 791 4528 repe
803 4445 1013 4528 perperam
1021 4417 1212 4527 judican-

1485 2259 1488 2364 1

1486 2367 1488 2489 i
