<?xml version="1.0" encoding="UTF-8"?>
<!DOCTYPE html PUBLIC "-//W3C//DTD XHTML 1.0 Transitional//EN"
    "http://www.w3.org/TR/xhtml1/DTD/xhtml1-transitional.dtd">
<html xmlns="http://www.w3.org/1999/xhtml" xml:lang="en" lang="en">
 <head>
  <title>
</title>
<meta http-equiv="Content-Type" content="text/html;charset=utf-8" />
  <meta name='ocr-system' content='tesseract 3.04.00' />
  <meta name='ocr-capabilities' content='ocr_page ocr_carea ocr_par ocr_line ocrx_word'/>
</head>
<body>
  <div class='ocr_page' id='page_1' title='image "./commentariidemo00hebegoog_0231.png"; bbox 0 0 3002 5086; ppageno 0'>
   <div class='ocr_carea' id='block_1_1' title="bbox 227 666 1475 4066">
    <p class='ocr_par' dir='ltr' id='par_1_1' title="bbox 227 666 1475 2678">
     <span class='ocr_line' id='line_1_1' title="bbox 377 666 1349 786; baseline 0 -24"><span class='ocrx_word' id='word_1_1' title='bbox 377 666 557 786; x_wconf 79' lang='lat' dir='ltr'>Regione</span> <span class='ocrx_word' id='word_1_2' title='bbox 579 675 769 784; x_wconf 84' lang='lat' dir='ltr'>jecinoris</span> <span class='ocrx_word' id='word_1_3' title='bbox 789 673 963 780; x_wconf 85' lang='lat' dir='ltr'>graviter</span> <span class='ocrx_word' id='word_1_4' title='bbox 989 675 1138 776; x_wconf 87' lang='lat' dir='ltr'>collisa,</span> <span class='ocrx_word' id='word_1_5' title='bbox 1164 677 1208 758; x_wconf 93' lang='lat' dir='ltr'>id</span> <span class='ocrx_word' id='word_1_6' title='bbox 1227 679 1349 762; x_wconf 81' lang='lat' dir='ltr'>viscus</span> 
     </span>
     <span class='ocr_line' id='line_1_2' title="bbox 321 811 1350 922; baseline -0.002 -21"><span class='ocrx_word' id='word_1_7' title='bbox 321 817 530 900; x_wconf 85' lang='lat' dir='ltr'>interdum</span> <span class='ocrx_word' id='word_1_8' title='bbox 541 813 770 894; x_wconf 91' lang='lat' dir='ltr'>induruisse</span> <span class='ocrx_word' id='word_1_9' title='bbox 782 813 890 896; x_wconf 91' lang='lat' dir='ltr'>novi.</span> <span class='ocrx_word' id='word_1_10' title='bbox 930 811 1045 892; x_wconf 90' lang='lat' dir='ltr'>Idem</span> <span class='ocrx_word' id='word_1_11' title='bbox 1056 813 1204 894; x_wconf 91' lang='lat' dir='ltr'>vitium</span> <span class='ocrx_word' id='word_1_12' title='bbox 1216 817 1350 922; x_wconf 83' lang='lat' dir='ltr'>saepius</span> 
     </span>
     <span class='ocr_line' id='line_1_3' title="bbox 323 948 1354 1057; baseline -0.006 -19"><span class='ocrx_word' id='word_1_13' title='bbox 323 976 463 1038; x_wconf 87' lang='lat' dir='ltr'>ortum</span> <span class='ocrx_word' id='word_1_14' title='bbox 481 975 599 1032; x_wconf 86' lang='lat' dir='ltr'>estex</span> <span class='ocrx_word' id='word_1_15' title='bbox 612 951 755 1034; x_wconf 90' lang='lat' dir='ltr'>eodem</span> <span class='ocrx_word' id='word_1_16' title='bbox 769 948 948 1055; x_wconf 86' lang='lat' dir='ltr'>corporis</span> <span class='ocrx_word' id='word_1_17' title='bbox 964 949 1122 1048; x_wconf 90' lang='lat' dir='ltr'>habitu,</span> <span class='ocrx_word' id='word_1_18' title='bbox 1136 979 1254 1057; x_wconf 88' lang='lat' dir='ltr'>aquo</span> <span class='ocrx_word' id='word_1_19' title='bbox 1267 953 1354 1034; x_wconf 88' lang='lat' dir='ltr'>scir·</span> 
     </span>
     <span class='ocr_line' id='line_1_4' title="bbox 323 1087 1473 1195; baseline -0.007 -19"><span class='ocrx_word' id='word_1_20' title='bbox 323 1091 389 1176; x_wconf 90' lang='lat' dir='ltr'>rhi</span> <span class='ocrx_word' id='word_1_21' title='bbox 400 1091 446 1170; x_wconf 91' lang='lat' dir='ltr'>in</span> <span class='ocrx_word' id='word_1_22' title='bbox 457 1089 606 1172; x_wconf 84' lang='lat' dir='ltr'>caeteris</span> <span class='ocrx_word' id='word_1_23' title='bbox 620 1113 785 1194; x_wconf 90' lang='lat' dir='ltr'>quoque</span> <span class='ocrx_word' id='word_1_24' title='bbox 798 1087 980 1192; x_wconf 90' lang='lat' dir='ltr'>partibus</span> <span class='ocrx_word' id='word_1_25' title='bbox 992 1087 1236 1192; x_wconf 77' lang='lat' dir='ltr'>gignuntur3</span> <span class='ocrx_word' id='word_1_26' title='bbox 1263 1117 1354 1195; x_wconf 84' lang='lat' dir='ltr'>prae·</span> <span class='ocrx_word' id='word_1_27' title='bbox 1472 1158 1473 1168; x_wconf 73' lang='grc'>,</span> 
     </span>
     <span class='ocr_line' id='line_1_5' title="bbox 227 1223 1357 1346; baseline -0.004 -35"><span class='ocrx_word' id='word_1_28' title='bbox 227 1255 232 1266; x_wconf 86' lang='grc'><strong>’</strong></span> <span class='ocrx_word' id='word_1_29' title='bbox 323 1227 441 1334; x_wconf 87' lang='lat' dir='ltr'>cipue</span> <span class='ocrx_word' id='word_1_30' title='bbox 456 1249 593 1307; x_wconf 91' lang='lat' dir='ltr'>tamen</span> <span class='ocrx_word' id='word_1_31' title='bbox 608 1223 656 1304; x_wconf 91' lang='lat' dir='ltr'>fit</span> <span class='ocrx_word' id='word_1_32' title='bbox 674 1253 722 1305; x_wconf 87' lang='lat' dir='ltr'>ex</span> <span class='ocrx_word' id='word_1_33' title='bbox 737 1223 959 1304; x_wconf 85' lang='lat' dir='ltr'>immodico</span> <span class='ocrx_word' id='word_1_34' title='bbox 974 1251 1052 1346; x_wconf 80' lang='lat' dir='ltr'>usu</span> <span class='ocrx_word' id='word_1_35' title='bbox 1068 1224 1167 1323; x_wconf 87' lang='lat' dir='ltr'>vini,</span> <span class='ocrx_word' id='word_1_36' title='bbox 1181 1247 1221 1306; x_wconf 90' lang='lat' dir='ltr'>et</span> <span class='ocrx_word' id='word_1_37' title='bbox 1235 1227 1357 1331; x_wconf 88' lang='lat' dir='ltr'>potio-</span> 
     </span>
     <span class='ocr_line' id='line_1_6' title="bbox 323 1339 1356 1470; baseline -0.003 -20"><span class='ocrx_word' id='word_1_38' title='bbox 323 1395 429 1450; x_wconf 86' lang='lat' dir='ltr'>num</span> <span class='ocrx_word' id='word_1_39' title='bbox 457 1363 740 1462; x_wconf 88' lang='lat' dir='ltr'>meraciorum,</span> <span class='ocrx_word' id='word_1_40' title='bbox 768 1339 865 1468; x_wconf 37' lang='lat' dir='ltr'>quae&#39;</span> <span class='ocrx_word' id='word_1_41' title='bbox 879 1361 1039 1468; x_wconf 84' lang='lat' dir='ltr'>proprie</span> <span class='ocrx_word' id='word_1_42' title='bbox 1068 1385 1216 1445; x_wconf 87' lang='lat' dir='ltr'>nocent</span> <span class='ocrx_word' id='word_1_43' title='bbox 1237 1365 1356 1470; x_wconf 88' lang='lat' dir='ltr'>jecori</span> 
     </span>
     <span class='ocr_line' id='line_1_7' title="bbox 323 1499 1359 1609; baseline 0.001 -25"><span class='ocrx_word' id='word_1_44' title='bbox 323 1530 407 1609; x_wconf 86' lang='lat' dir='ltr'>prae</span> <span class='ocrx_word' id='word_1_45' title='bbox 427 1501 620 1582; x_wconf 88' lang='lat' dir='ltr'>omnibus</span> <span class='ocrx_word' id='word_1_46' title='bbox 640 1499 725 1580; x_wconf 89' lang='lat' dir='ltr'>aliis</span> <span class='ocrx_word' id='word_1_47' title='bbox 745 1499 992 1583; x_wconf 77' lang='lat' dir='ltr'>visceribus·</span> <span class='ocrx_word' id='word_1_48' title='bbox 1036 1500 1148 1580; x_wconf 91' lang='lat' dir='ltr'>Hinc</span> <span class='ocrx_word' id='word_1_49' title='bbox 1174 1501 1359 1608; x_wconf 84' lang='lat' dir='ltr'>estquod</span> 
     </span>
     <span class='ocr_line' id='line_1_8' title="bbox 327 1635 1360 1744; baseline 0.001 -23"><span class='ocrx_word' id='word_1_50' title='bbox 327 1639 419 1740; x_wconf 88' lang='lat' dir='ltr'>viri,</span> <span class='ocrx_word' id='word_1_51' title='bbox 447 1667 545 1720; x_wconf 89' lang='lat' dir='ltr'>cum</span> <span class='ocrx_word' id='word_1_52' title='bbox 563 1637 661 1720; x_wconf 86' lang='lat' dir='ltr'>vino</span> <span class='ocrx_word' id='word_1_53' title='bbox 680 1637 809 1742; x_wconf 86' lang='lat' dir='ltr'>magis</span> <span class='ocrx_word' id='word_1_54' title='bbox 829 1635 955 1718; x_wconf 88' lang='lat' dir='ltr'>dediti</span> <span class='ocrx_word' id='word_1_55' title='bbox 975 1657 1083 1735; x_wconf 86' lang='lat' dir='ltr'>sunt,</span> <span class='ocrx_word' id='word_1_56' title='bbox 1101 1636 1210 1720; x_wconf 84' lang='lat' dir='ltr'>vitiis</span> <span class='ocrx_word' id='word_1_57' title='bbox 1224 1638 1360 1744; x_wconf 83' lang='lat' dir='ltr'>jecoris</span> 
     </span>
     <span class='ocr_line' id='line_1_9' title="bbox 329 1771 1362 1884; baseline -0.004 -24"><span class='ocrx_word' id='word_1_58' title='bbox 329 1775 473 1884; x_wconf 87' lang='lat' dir='ltr'>saepius</span> <span class='ocrx_word' id='word_1_59' title='bbox 484 1771 1065 1879; x_wconf 85' lang='lat' dir='ltr'>affligantur‚quamfoeminae.</span> <span class='ocrx_word' id='word_1_60' title='bbox 1081 1775 1214 1882; x_wconf 80' lang='lat' dir='ltr'>Aquae</span> <span class='ocrx_word' id='word_1_61' title='bbox 1225 1774 1362 1856; x_wconf 90' lang='lat' dir='ltr'>Batho·</span> 
     </span>
     <span class='ocr_line' id='line_1_10' title="bbox 329 1910 1362 2018; baseline -0.007 -19"><span class='ocrx_word' id='word_1_62' title='bbox 329 1915 431 2000; x_wconf 84' lang='lat' dir='ltr'>nicae</span> <span class='ocrx_word' id='word_1_63' title='bbox 451 1939 658 2018; x_wconf 85' lang='lat' dir='ltr'>nusquam</span> <span class='ocrx_word' id='word_1_64' title='bbox 678 1932 773 1996; x_wconf 88' lang='lat' dir='ltr'>sunt</span> <span class='ocrx_word' id='word_1_65' title='bbox 791 1910 983 2010; x_wconf 86' lang='lat' dir='ltr'>utiliores,</span> <span class='ocrx_word' id='word_1_66' title='bbox 1003 1937 1130 2016; x_wconf 82' lang='lat' dir='ltr'>quam</span> <span class='ocrx_word' id='word_1_67' title='bbox 1148 1911 1193 1990; x_wconf 90' lang='lat' dir='ltr'>in</span> <span class='ocrx_word' id='word_1_68' title='bbox 1207 1911 1362 1998; x_wconf 87' lang='lat' dir='ltr'>meden-</span> 
     </span>
     <span class='ocr_line' id='line_1_11' title="bbox 329 2045 1475 2156; baseline 0 -24"><span class='ocrx_word' id='word_1_69' title='bbox 329 2051 393 2132; x_wconf 91' lang='lat' dir='ltr'>dis</span> <span class='ocrx_word' id='word_1_70' title='bbox 406 2047 560 2130; x_wconf 90' lang='lat' dir='ltr'>morbis</span> <span class='ocrx_word' id='word_1_71' title='bbox 572 2046 624 2128; x_wconf 88' lang='lat' dir='ltr'>ab</span> <span class='ocrx_word' id='word_1_72' title='bbox 639 2047 828 2128; x_wconf 85' lang='lat' dir='ltr'>ebrietate</span> <span class='ocrx_word' id='word_1_73' title='bbox 836 2045 1044 2153; x_wconf 86' lang='lat' dir='ltr'>profectis:</span> <span class='ocrx_word' id='word_1_74' title='bbox 1069 2047 1138 2128; x_wconf 91' lang='lat' dir='ltr'>sed</span> <span class='ocrx_word' id='word_1_75' title='bbox 1150 2069 1363 2156; x_wconf 85' lang='lat' dir='ltr'>postquam</span> <span class='ocrx_word' id='word_1_76' title='bbox 1474 2085 1475 2100; x_wconf 49' lang='lat'>¹</span> 
     </span>
     <span class='ocr_line' id='line_1_12' title="bbox 228 2181 1364 2290; baseline 0 -22"><span class='ocrx_word' id='word_1_77' title='bbox 228 2273 231 2282; x_wconf 59' lang='grc'>,</span> <span class='ocrx_word' id='word_1_78' title='bbox 331 2186 457 2290; x_wconf 88' lang='lat' dir='ltr'>hepar</span> <span class='ocrx_word' id='word_1_79' title='bbox 475 2181 632 2264; x_wconf 86' lang='lat' dir='ltr'>factum</span> <span class='ocrx_word' id='word_1_80' title='bbox 648 2181 773 2266; x_wconf 86' lang='lat' dir='ltr'>fuerit</span> <span class='ocrx_word' id='word_1_81' title='bbox 791 2181 1052 2282; x_wconf 87' lang='lat' dir='ltr'>scirrhosum,</span> <span class='ocrx_word' id='word_1_82' title='bbox 1079 2205 1120 2266; x_wconf 93' lang='lat' dir='ltr'>et</span> <span class='ocrx_word' id='word_1_83' title='bbox 1137 2183 1263 2266; x_wconf 85' lang='lat' dir='ltr'>febris</span> <span class='ocrx_word' id='word_1_84' title='bbox 1282 2185 1364 2268; x_wconf 90' lang='lat' dir='ltr'>hec·</span> 
     </span>
     <span class='ocr_line' id='line_1_13' title="bbox 332 2319 1365 2426; baseline 0.003 -24"><span class='ocrx_word' id='word_1_85' title='bbox 332 2323 412 2410; x_wconf 86' lang='lat' dir='ltr'>tica</span> <span class='ocrx_word' id='word_1_86' title='bbox 423 2319 660 2402; x_wconf 89' lang='lat' dir='ltr'>indicaverit</span> <span class='ocrx_word' id='word_1_87' title='bbox 671 2319 744 2400; x_wconf 87' lang='lat' dir='ltr'>hos</span> <span class='ocrx_word' id='word_1_88' title='bbox 757 2319 929 2402; x_wconf 80' lang='lat' dir='ltr'>scirrhos</span> <span class='ocrx_word' id='word_1_89' title='bbox 944 2320 1137 2426; x_wconf 84' lang='lat' dir='ltr'>proclives</span> <span class='ocrx_word' id='word_1_90' title='bbox 1149 2351 1234 2404; x_wconf 86' lang='lat' dir='ltr'>esse</span> <span class='ocrx_word' id='word_1_91' title='bbox 1249 2323 1299 2404; x_wconf 88' lang='lat' dir='ltr'>ad</span> <span class='ocrx_word' id='word_1_92' title='bbox 1309 2323 1365 2404; x_wconf 88' lang='lat' dir='ltr'>in·</span> 
     </span>
     <span class='ocr_line' id='line_1_14' title="bbox 334 2455 1367 2566; baseline 0 -20"><span class='ocrx_word' id='word_1_93' title='bbox 334 2457 671 2558; x_wconf 83' lang='lat' dir='ltr'>flammationem,</span> <span class='ocrx_word' id='word_1_94' title='bbox 684 2455 839 2540; x_wconf 80' lang='lat' dir='ltr'>ibiistae</span> <span class='ocrx_word' id='word_1_95' title='bbox 852 2485 967 2566; x_wconf 86' lang='lat' dir='ltr'>aquae</span> <span class='ocrx_word' id='word_1_96' title='bbox 979 2485 1134 2540; x_wconf 90' lang='lat' dir='ltr'>veneno</span> <span class='ocrx_word' id='word_1_97' title='bbox 1153 2459 1268 2566; x_wconf 89' lang='lat' dir='ltr'>pejus</span> <span class='ocrx_word' id='word_1_98' title='bbox 1280 2481 1367 2546; x_wconf 88' lang='lat' dir='ltr'>sunt</span> 
     </span>
     <span class='ocr_line' id='line_1_15' title="bbox 333 2595 1386 2678; baseline -0.013 0"><span class='ocrx_word' id='word_1_99' title='bbox 333 2595 520 2678; x_wconf 86' lang='lat' dir='ltr'>vitandae.</span> <span class='ocrx_word' id='word_1_100' title='bbox 1383 2603 1386 2610; x_wconf 82' lang='grc'><strong>’</strong></span> 
     </span>
    </p>

    <p class='ocr_par' dir='ltr' id='par_1_2' title="bbox 253 2714 1378 4066">
     <span class='ocr_line' id='line_1_16' title="bbox 393 2714 1368 2842; baseline 0.005 -30"><span class='ocrx_word' id='word_1_101' title='bbox 393 2735 442 2812; x_wconf 91' lang='lat' dir='ltr'>In</span> <span class='ocrx_word' id='word_1_102' title='bbox 453 2731 660 2814; x_wconf 89' lang='lat' dir='ltr'>curatione</span> <span class='ocrx_word' id='word_1_103' title='bbox 671 2714 787 2810; x_wconf 88' lang='lat' dir='ltr'>icteri</span> <span class='ocrx_word' id='word_1_104' title='bbox 799 2730 990 2837; x_wconf 91' lang='lat' dir='ltr'>simplicis</span> <span class='ocrx_word' id='word_1_105' title='bbox 1003 2753 1094 2812; x_wconf 89' lang='lat' dir='ltr'>ante</span> <span class='ocrx_word' id='word_1_106' title='bbox 1106 2735 1248 2816; x_wconf 89' lang='lat' dir='ltr'>omnia</span> <span class='ocrx_word' id='word_1_107' title='bbox 1258 2761 1368 2842; x_wconf 89' lang='lat' dir='ltr'>opera</span> 
     </span>
     <span class='ocr_line' id='line_1_17' title="bbox 337 2867 1369 2976; baseline 0.001 -27"><span class='ocrx_word' id='word_1_108' title='bbox 337 2867 472 2950; x_wconf 84' lang='lat' dir='ltr'>danda</span> <span class='ocrx_word' id='word_1_109' title='bbox 483 2889 542 2948; x_wconf 90' lang='lat' dir='ltr'>est</span> <span class='ocrx_word' id='word_1_110' title='bbox 556 2889 604 2948; x_wconf 89' lang='lat' dir='ltr'>ut</span> <span class='ocrx_word' id='word_1_111' title='bbox 615 2868 731 2948; x_wconf 93' lang='lat' dir='ltr'>dolor</span> <span class='ocrx_word' id='word_1_112' title='bbox 745 2867 969 2973; x_wconf 86' lang='lat' dir='ltr'>mitigetur,</span> <span class='ocrx_word' id='word_1_113' title='bbox 983 2869 1187 2975; x_wconf 83' lang='lat' dir='ltr'>siquidem</span> <span class='ocrx_word' id='word_1_114' title='bbox 1203 2899 1305 2976; x_wconf 85' lang='lat' dir='ltr'>aeger</span> <span class='ocrx_word' id='word_1_115' title='bbox 1315 2899 1369 2972; x_wconf 90' lang='lat' dir='ltr'>eo,</span> 
     </span>
     <span class='ocr_line' id='line_1_18' title="bbox 337 3003 1369 3119; baseline 0.001 -31"><span class='ocrx_word' id='word_1_116' title='bbox 337 3029 386 3088; x_wconf 92' lang='lat' dir='ltr'>ut</span> <span class='ocrx_word' id='word_1_117' title='bbox 409 3034 510 3119; x_wconf 82' lang='lat' dir='ltr'>saepe</span> <span class='ocrx_word' id='word_1_118' title='bbox 529 3003 590 3106; x_wconf 86' lang='lat' dir='ltr'>fit,</span> <span class='ocrx_word' id='word_1_119' title='bbox 617 3025 864 3111; x_wconf 84' lang='lat' dir='ltr'>torqueatur.</span> <span class='ocrx_word' id='word_1_120' title='bbox 923 3006 1108 3088; x_wconf 90' lang='lat' dir='ltr'>Unicum</span> <span class='ocrx_word' id='word_1_121' title='bbox 1126 3031 1266 3088; x_wconf 87' lang='lat' dir='ltr'>autem</span> <span class='ocrx_word' id='word_1_122' title='bbox 1292 3007 1369 3114; x_wconf 88' lang='lat' dir='ltr'>ejus</span> 
     </span>
     <span class='ocr_line' id='line_1_19' title="bbox 338 3141 1371 3249; baseline 0.001 -22"><span class='ocrx_word' id='word_1_123' title='bbox 338 3143 568 3228; x_wconf 88' lang='lat' dir='ltr'>remedium</span> <span class='ocrx_word' id='word_1_124' title='bbox 595 3163 654 3222; x_wconf 88' lang='lat' dir='ltr'>est</span> <span class='ocrx_word' id='word_1_125' title='bbox 673 3141 826 3248; x_wconf 91' lang='lat' dir='ltr'>opium.</span> <span class='ocrx_word' id='word_1_126' title='bbox 886 3143 1024 3248; x_wconf 87' lang='lat' dir='ltr'>Hujus</span> <span class='ocrx_word' id='word_1_127' title='bbox 1042 3171 1222 3249; x_wconf 85' lang='lat' dir='ltr'>granum</span> <span class='ocrx_word' id='word_1_128' title='bbox 1245 3173 1371 3228; x_wconf 91' lang='lat' dir='ltr'>unum</span> 
     </span>
     <span class='ocr_line' id='line_1_20' title="bbox 341 3279 1373 3388; baseline -0.001 -28"><span class='ocrx_word' id='word_1_129' title='bbox 341 3279 652 3388; x_wconf 86' lang='lat' dir='ltr'>quamprimum</span> <span class='ocrx_word' id='word_1_130' title='bbox 667 3307 824 3360; x_wconf 85' lang='lat' dir='ltr'>sumere</span> <span class='ocrx_word' id='word_1_131' title='bbox 839 3279 1040 3384; x_wconf 88' lang='lat' dir='ltr'>oportebit</span> <span class='ocrx_word' id='word_1_132' title='bbox 1053 3314 1064 3380; x_wconf 80' lang='lat'>3</span> <span class='ocrx_word' id='word_1_133' title='bbox 1094 3280 1220 3388; x_wconf 90' lang='lat' dir='ltr'>idque</span> <span class='ocrx_word' id='word_1_134' title='bbox 1240 3283 1302 3364; x_wconf 86' lang='lat' dir='ltr'>bis</span> <span class='ocrx_word' id='word_1_135' title='bbox 1317 3282 1373 3361; x_wconf 87' lang='lat' dir='ltr'>vel</span> 
     </span>
     <span class='ocr_line' id='line_1_21' title="bbox 341 3413 1373 3520; baseline -0.003 -19"><span class='ocrx_word' id='word_1_136' title='bbox 341 3437 402 3502; x_wconf 92' lang='lat' dir='ltr'>ter</span> <span class='ocrx_word' id='word_1_137' title='bbox 421 3436 512 3496; x_wconf 91' lang='lat' dir='ltr'>tuto</span> <span class='ocrx_word' id='word_1_138' title='bbox 531 3413 656 3520; x_wconf 86' lang='lat' dir='ltr'>repeti</span> <span class='ocrx_word' id='word_1_139' title='bbox 674 3435 804 3520; x_wconf 85' lang='lat' dir='ltr'>potest</span> <span class='ocrx_word' id='word_1_140' title='bbox 821 3415 929 3496; x_wconf 84' lang='lat' dir='ltr'>intra</span> <span class='ocrx_word' id='word_1_141' title='bbox 942 3415 1043 3497; x_wconf 87' lang='lat' dir='ltr'>duas</span> <span class='ocrx_word' id='word_1_142' title='bbox 1059 3415 1190 3518; x_wconf 89' lang='lat' dir='ltr'>horas,</span> <span class='ocrx_word' id='word_1_143' title='bbox 1210 3419 1244 3499; x_wconf 86' lang='lat' dir='ltr'>si</span> <span class='ocrx_word' id='word_1_144' title='bbox 1264 3417 1373 3500; x_wconf 87' lang='lat' dir='ltr'>dolor</span> 
     </span>
     <span class='ocr_line' id='line_1_22' title="bbox 341 3550 1373 3662; baseline 0.002 -30"><span class='ocrx_word' id='word_1_145' title='bbox 341 3551 527 3660; x_wconf 89' lang='lat' dir='ltr'>postulet.</span> <span class='ocrx_word' id='word_1_146' title='bbox 598 3550 688 3662; x_wconf 79' lang='lat' dir='ltr'>Qui</span> <span class='ocrx_word' id='word_1_147' title='bbox 725 3553 1017 3636; x_wconf 86' lang='lat' dir='ltr'>accessionibus</span> <span class='ocrx_word' id='word_1_148' title='bbox 1046 3553 1197 3636; x_wconf 90' lang='lat' dir='ltr'>icterici</span> <span class='ocrx_word' id='word_1_149' title='bbox 1229 3552 1373 3636; x_wconf 85' lang='lat' dir='ltr'>doloris</span> 
     </span>
     <span class='ocr_line' id='line_1_23' title="bbox 343 3688 1376 3798; baseline -0.001 -27"><span class='ocrx_word' id='word_1_150' title='bbox 343 3688 600 3794; x_wconf 89' lang='lat' dir='ltr'>subjectiores</span> <span class='ocrx_word' id='word_1_151' title='bbox 630 3710 740 3789; x_wconf 88' lang='lat' dir='ltr'>sunt,</span> <span class='ocrx_word' id='word_1_152' title='bbox 768 3689 820 3770; x_wconf 90' lang='lat' dir='ltr'>ad</span> <span class='ocrx_word' id='word_1_153' title='bbox 849 3717 1021 3775; x_wconf 86' lang='lat' dir='ltr'>manum</span> <span class='ocrx_word' id='word_1_154' title='bbox 1048 3691 1195 3780; x_wconf 86' lang='lat' dir='ltr'>habere</span> <span class='ocrx_word' id='word_1_155' title='bbox 1226 3715 1376 3798; x_wconf 87' lang='lat' dir='ltr'>semper</span> 
     </span>
     <span class='ocr_line' id='line_1_24' title="bbox 343 3823 1378 3938; baseline -0.002 -28"><span class='ocrx_word' id='word_1_156' title='bbox 343 3826 493 3910; x_wconf 86' lang='lat' dir='ltr'>debent</span> <span class='ocrx_word' id='word_1_157' title='bbox 512 3823 612 3906; x_wconf 86' lang='lat' dir='ltr'>duas</span> <span class='ocrx_word' id='word_1_158' title='bbox 632 3823 870 3931; x_wconf 89' lang='lat' dir='ltr'>hujusmodi</span> <span class='ocrx_word' id='word_1_159' title='bbox 888 3828 1046 3933; x_wconf 85' lang='lat' dir='ltr'>pilulas,</span> <span class='ocrx_word' id='word_1_160' title='bbox 1071 3829 1222 3938; x_wconf 90' lang='lat' dir='ltr'>quibus</span> <span class='ocrx_word' id='word_1_161' title='bbox 1243 3828 1378 3934; x_wconf 83' lang='lat' dir='ltr'>ingru-</span> 
     </span>
     <span class='ocr_line' id='line_1_25' title="bbox 253 3962 1377 4066; baseline -0.004 -20"><span class='ocrx_word' id='word_1_162' title='bbox 253 4059 255 4066; x_wconf 15' lang='lat' dir='ltr'>l</span> <span class='ocrx_word' id='word_1_163' title='bbox 344 3963 427 4046; x_wconf 90' lang='lat' dir='ltr'>enti</span> <span class='ocrx_word' id='word_1_164' title='bbox 440 3962 571 4044; x_wconf 91' lang='lat' dir='ltr'>dolori</span> <span class='ocrx_word' id='word_1_165' title='bbox 583 3962 668 4046; x_wconf 87' lang='lat' dir='ltr'>siue</span> <span class='ocrx_word' id='word_1_166' title='bbox 680 3989 795 4046; x_wconf 89' lang='lat' dir='ltr'>mora</span> <span class='ocrx_word' id='word_1_167' title='bbox 807 3987 1050 4052; x_wconf 86' lang='lat' dir='ltr'>occurratur.</span> <span class='ocrx_word' id='word_1_168' title='bbox 1095 3966 1284 4050; x_wconf 82' lang='lat' dir='ltr'>Proximo</span> <span class='ocrx_word' id='word_1_169' title='bbox 1296 3966 1377 4046; x_wconf 88' lang='lat' dir='ltr'>loco</span> 
     </span>
    </p>
   </div>
   <div class='ocr_carea' id='block_1_2' title="bbox 210 4100 1380 4220">
    <p class='ocr_par' dir='ltr' id='par_1_3' title="bbox 210 4100 1380 4220">
     <span class='ocr_line' id='line_1_26' title="bbox 210 4100 1380 4220; baseline -0.001 -38"><span class='ocrx_word' id='word_1_170' title='bbox 210 4203 214 4220; x_wconf 29' lang='grc'>1</span> <span class='ocrx_word' id='word_1_171' title='bbox 344 4101 638 4184; x_wconf 87' lang='lat' dir='ltr'>attendendum</span> <span class='ocrx_word' id='word_1_172' title='bbox 655 4121 715 4182; x_wconf 90' lang='lat' dir='ltr'>est</span> <span class='ocrx_word' id='word_1_173' title='bbox 733 4100 785 4183; x_wconf 91' lang='lat' dir='ltr'>ad</span> <span class='ocrx_word' id='word_1_174' title='bbox 800 4101 1018 4200; x_wconf 80' lang='lat' dir='ltr'>vomitum,</span> <span class='ocrx_word' id='word_1_175' title='bbox 1038 4104 1112 4214; x_wconf 92' lang='lat' dir='ltr'>qui</span> <span class='ocrx_word' id='word_1_176' title='bbox 1127 4132 1228 4210; x_wconf 86' lang='lat' dir='ltr'>saepe</span> <span class='ocrx_word' id='word_1_177' title='bbox 1247 4103 1293 4184; x_wconf 88' lang='lat' dir='ltr'>in</span> <span class='ocrx_word' id='word_1_178' title='bbox 1308 4101 1380 4182; x_wconf 91' lang='lat' dir='ltr'>hoc</span> 
     </span>
    </p>
   </div>
   <div class='ocr_carea' id='block_1_3' title="bbox 324 4236 1381 4490">
    <p class='ocr_par' dir='ltr' id='par_1_4' title="bbox 324 4236 1381 4490">
     <span class='ocr_line' id='line_1_27' title="bbox 324 4236 1380 4350; baseline -0.004 -28"><span class='ocrx_word' id='word_1_179' title='bbox 324 4239 493 4328; x_wconf 69' lang='lat' dir='ltr'>,morbo</span> <span class='ocrx_word' id='word_1_180' title='bbox 505 4239 579 4320; x_wconf 92' lang='lat' dir='ltr'>diu</span> <span class='ocrx_word' id='word_1_181' title='bbox 587 4259 629 4320; x_wconf 87' lang='lat' dir='ltr'>et</span> <span class='ocrx_word' id='word_1_182' title='bbox 641 4237 897 4322; x_wconf 86' lang='lat' dir='ltr'>vehementer</span> <span class='ocrx_word' id='word_1_183' title='bbox 912 4268 1067 4350; x_wconf 76' lang='lat' dir='ltr'>agrum</span> <span class='ocrx_word' id='word_1_184' title='bbox 1079 4263 1243 4326; x_wconf 85' lang='lat' dir='ltr'>exercet.</span> <span class='ocrx_word' id='word_1_185' title='bbox 1302 4236 1380 4322; x_wconf 88' lang='lat' dir='ltr'>Hic</span> 
     </span>
     <span class='ocr_line' id='line_1_28' title="bbox 344 4375 1381 4490; baseline 0.004 -32"><span class='ocrx_word' id='word_1_186' title='bbox 344 4377 603 4461; x_wconf 85' lang='lat' dir='ltr'>videturesse</span> <span class='ocrx_word' id='word_1_187' title='bbox 622 4401 788 4466; x_wconf 90' lang='lat' dir='ltr'>conatus</span> <span class='ocrx_word' id='word_1_188' title='bbox 800 4380 972 4490; x_wconf 86' lang='lat' dir='ltr'>quidam</span> <span class='ocrx_word' id='word_1_189' title='bbox 990 4381 1196 4485; x_wconf 79' lang='lat' dir='ltr'>naturalis,</span> <span class='ocrx_word' id='word_1_190' title='bbox 1206 4407 1293 4490; x_wconf 88' lang='lat' dir='ltr'>quo</span> <span class='ocrx_word' id='word_1_191' title='bbox 1308 4375 1381 4462; x_wconf 76' lang='lat' dir='ltr'>cal-</span> 
     </span>
    </p>
   </div>
   <div class='ocr_carea' id='block_1_4' title="bbox 0 0 1541 5086">
    <p class='ocr_par' dir='ltr' id='par_1_5' title="bbox 0 0 1541 5086">
     <span class='ocr_line' id='line_1_29' title="bbox 0 0 1541 5086; baseline 0 0"><span class='ocrx_word' id='word_1_192' title='bbox 0 0 1541 5086; x_wconf 95' lang='lat' dir='ltr'> </span> 
     </span>
    </p>
   </div>
  </div>
 </body>
</html>
