3002 5086
637 685 639 692 ,
743 545 862 650 rsa

286 761 436 862 do,ubi
445 761 606 868 gravior
614 761 783 842 morbus
793 761 1083 868 subest,plures
1091 764 1333 848 accessiones

286 900 430 980 eodem
440 898 507 992 die
518 897 695 998 venient,
705 897 804 978 adso
817 920 865 979 ut
876 895 1022 981 horror
1031 898 1331 984 instantiscum

288 1037 434 1118 sudore
448 1035 674 1136 decedentis
688 1034 900 1142 jungatur.
958 1037 1101 1144 Neque
1116 1039 1336 1123 insolitum

285 1196 345 1256 est
363 1171 533 1280 experiri
550 1171 735 1253 horrores
755 1173 921 1254 leviores
950 1175 1083 1280 plures
1101 1175 1210 1258 intra
1227 1205 1329 1284 pau.

286 1338 351 1391 cas
369 1309 500 1392 horas.
557 1310 814 1390 Accessiones
834 1309 1044 1393 interdum
1070 1311 1263 1396 desinunt
1280 1313 1331 1396 in

287 1423 717 1555 suoiditatamsomni.
974 1553 977 1557 β

339 1587 472 1666 Nemo
500 1583 627 1664 nescit
643 1581 809 1664 urinam
826 1584 871 1662 in
893 1581 1005 1690 justa
1031 1583 1327 1667 intermittente

284 1749 355 1832 per
374 1721 614 1804 accessiones
629 1719 803 1800 dilutam
821 1747 917 1824 esse,
935 1742 975 1802 et
993 1749 1063 1828 per
1078 1722 1327 1807 decessiones

283 1887 483 1944 crassam:
509 1879 551 1939 at
567 1857 613 1937 in
632 1856 784 1938 hectica
802 1855 922 1940 facies
941 1858 1074 1942 urinae
1094 1881 1154 1940 est
1181 1859 1329 1943 incon-

285 1997 555 2092 stantissimos
581 1993 708 2074 modo
720 1993 834 2086 enim
847 1995 996 2100 pariter
1010 1975 1086 2078 stit
1102 1995 1165 2076 rel
1179 1997 1331 2097 tenuis,

283 2136 504 2234 selcrassa,
518 2131 622 2212 adsit
635 2127 774 2230 febris,
788 2159 859 2212 seu
873 2131 1003 2233 absit3
1032 2133 1161 2214 modo
1173 2133 1248 2214 erit
1261 2133 1331 2214 di·

285 2275 370 2358 luta
389 2270 434 2366 in
452 2269 691 2368 decessione,
718 2267 763 2347 in
781 2267 868 2375 ipse
889 2267 1002 2350 febre
1020 2295 1175 2372 crassa,
1202 2270 1331 2351 inter-

284 2410 401 2508 dum,
430 2407 534 2489 sicut
561 2405 606 2488 in
634 2405 719 2486 aliis
745 2403 944 2505 febribus,
971 2407 1103 2488 tenuis
1123 2405 1169 2491 in
1198 2435 1329 2488 acces-

161 2523 164 2534 ’
285 2547 409 2646 sione,
437 2544 483 2624 in
500 2542 727 2624 decessione
745 2569 886 2636 crassa,
1011 2588 1020 2604 ·

341 2681 409 2763 nd
428 2682 631 2760 malorum
646 2680 865 2760 cumulum
876 2679 921 2760 in
935 2677 1090 2769 hesdra
1102 2705 1205 2786 serpe
1217 2707 1332 2764 aoce-

284 2818 391 2898 dunt
401 2817 557 2908 dolores
573 2815 832 2898 rheumaticis
845 2843 931 2896 non
941 2815 1157 2918 absimiles,
1172 2817 1246 2924 qui
1258 2819 1328 2900 vel

208 3041 212 3052 ,
284 2983 355 3064 per
384 2983 530 3063 corpus
559 2955 801 3038 universum
827 2929 1042 3059 regantur,
1070 2955 1135 3036 vel
1165 2954 1211 3036 in
1239 2979 1329 3038 una

282 3093 394 3204 psr'te
424 3113 687 3202 permanent,
715 3113 768 3193 et,
795 3090 911 3199 quod
940 3091 1112 3194 mireris,
1139 3091 1327 3198 pertinax

282 3229 523 3338 hujusmodi
539 3229 656 3312 dolor
680 3257 782 3336 saepe
796 3229 918 3336 longe
935 3229 1047 3310 abest
1065 3257 1088 3309 a
1106 3229 1243 3310 morbi
1260 3229 1328 3335 ip-

159 3452 163 3465 ,
283 3369 366 3450 sius
391 3367 497 3467 sede,
529 3395 627 3456 sum
656 3393 752 3474 qua,
780 3388 832 3459 ut
858 3367 1034 3467 videtur,
1065 3365 1171 3448 nihil
1201 3365 1330 3449 habet

149 3529 155 3548 ¹
282 3531 513 3588 commune.
570 3505 620 3584 In
654 3503 904 3610 quibusdam
937 3504 1051 3611 aegris
1085 3503 1130 3584 hi
1165 3503 1328 3586 dolores

283 3641 384 3722 adeo
398 3639 628 3748 'importuni
646 3663 755 3740 sunt,
782 3662 831 3722 ut
848 3641 961 3721 haud
988 3639 1163 3720 minima
1187 3639 1329 3721 morbi

281 3805 373 3888 pars
389 3779 483 3878 sint,
501 3807 575 3859 nec
587 3777 666 3858 nisi
678 3779 772 3885 opio
788 3778 1014 3860 tolerabiles
1024 3777 1139 3860 reddi
1153 3775 1326 3884 possint.

284 3915 504 4030 Quantum
537 3913 671 3996 adhuc
707 3915 899 4015 intellexi,
927 3915 1132 4022 praetipue
1164 3913 1332 4011 molesti

281 4076 390 4155 sunt,
408 4053 484 4134 ubi
502 4054 672 4138 morbus
693 4053 823 4134 oritur
841 4081 889 4134 ex
908 4055 1045 4134 ulcere
1058 4073 1228 4134 externo.
1241 4050 1331 4132 adri

280 4211 453 4300 patente,
472 4191 599 4271 veluti
617 4190 662 4270 in
677 4191 944 4272 carcinomate
959 4189 1088 4291 faciei,
1106 4211 1179 4272 aut
1191 4215 1329 4288 mam-

280 4352 369 4410 mae.
428 4326 535 4408 Illud
558 4353 726 4436 quoqne
743 4326 791 4406 in
816 4327 894 4410 hae
910 4327 1032 4410 febre·
1053 4325 1233 4408 mrabih
1246 4345 1328 4427 ess,

281 4465 394 4574 quod
409 4487 588 4568 tumores
605 4462 814 4549 interdum
827 4487 1043 4553 momento
1054 4463 1248 4576 emporis
1260 4489 1331 4548 as-
