3002 5086
766 512 868 606 232

296 721 407 804 tinus
428 739 565 800 autem
589 737 637 797 ut
656 715 812 812 insania
831 709 1067 814 accessisset,
1095 715 1286 798 valetudo
1303 705 1347 799 e't'

296 858 400 938 vires
430 856 597 960 integrae
629 851 956 934 restituebantur.
1013 850 1158 932 Alium
1190 851 1341 958 phthisi

296 993 503 1102 pulmonis
520 990 781 1098 implicitum,
809 1017 907 1070 cum
918 987 1108 1094 jam‘fere
1128 989 1184 1070 ad·
1199 989 1346 1072 ultima

298 1151 468 1211 ventum
488 1149 600 1226 esset,
619 1125 778 1206 insania
795 1126 1021 1232 occupavit
1047 1154 1137 1233 quae
1153 1126 1262 1206 illico
1280 1125 1344 1206 fir·-

226 1257 230 1266 ¹
298 1266 410 1371 gavit
428 1263 625 1372 phthisin,
652 1287 774 1370 atque
794 1291 963 1368 aegrum,
991 1283 1134 1370 praeter
1153 1262 1342 1346 omnium

300 1429 426 1510 spem,
455 1429 502 1482 ex
522 1401 664 1481 mortis
684 1401 871 1480 faucibus
893 1395 1052 1505 eripuit.

356 1539 557 1620 Credibile
585 1561 685 1618 esset
704 1566 854 1620 noxam
883 1537 994 1618 haud
1012 1525 1260 1620 mediocrem
1281 1537 1348 1622 te·

197 1717 200 1724 ⁴
301 1677 420 1758 rebro
449 1674 602 1756 illatam
621 1673 759 1774 fuisse,
788 1701 885 1756 cum
905 1675 997 1782 quis
1027 1672 1099 1754 fiat
1117 1701 1255 1779 expers
1283 1699 1345 1754 ra·

222 1869 225 1878 ·
301 1813 437 1912 tionis,
457 1839 539 1918 qua
557 1812 748 1913 facultate
763 1811 951 1894 homines
964 1841 988 1892 a
1002 1811 1150 1892 caeteris
1161 1811 1347 1894 animali·

301 1952 379 2032 bus
393 1951 591 2063 praecipue
604 1951 766 2031 distant.
823 1951 984 2031 Verum
998 1977 1089 2056 pars
1100 1949 1168 2028 illa
1181 1948 1348 2049 cer'ebri,

305 2109 397 2194 quae
416 2087 542 2167 vitam
559 2109 708 2186 tuetur,
728 2115 875 2193 parum
893 2109 965 2168 aus
977 2085 1080 2166 nihil
1100 2085 1223 2168 habet
1236 2114 1346 2168 coma

304 2249 542 2340 munerum
559 2223 637 2324 illa,
657 2253 747 2330 quar
764 2246 822 2304 est
837 2223 888 2304 ad
904 2223 1103 2304 rationem
1117 2223 1346 2304 necessaria.

303 2361 445 2465 Itaque
479 2359 609 2438 multi
633 2361 873 2440 exstiterunt
904 2359 1051 2460 insani,
1079 2360 1155 2466 qui
1186 2381 1350 2442 caetero·

304 2499 408 2603 quin
428 2498 612 2578 secundae
628 2497 797 2582 fuerunt
810 2497 1052 2579 valetudinis
1071 2522 1202 2616 usque
1218 2497 1269 2578 id
1280 2523 1347 2578 ex·

304 2659 475 2714 tremam
493 2617 753 2717 senectutem.

360 2771 496 2856 Insani
526 2799 611 2851 non
631 2799 721 2852 raro
752 2771 951 2877 colligunt
970 2799 1023 2872 se,
1050 2793 1090 2852 et
1108 2769 1216 2854 fiunt
1235 2771 1346 2868 sani3

199 2975 210 2992 ,
304 2908 474 2987 morbus
506 2905 642 2993 samen
670 2935 718 2988 ex
731 2970 734 2980 .
747 2909 896 3015 quavis
925 2907 1249 3015 intemperantia,
1277 2925 1348 2990 aut

108 3141 112 3150 ¹
223 3038 230 3054 '
301 3044 432 3124 animi
452 3043 766 3150 perturbatione,
787 3045 911 3130 vfutile
930 3043 1083 3150 repetit.
1143 3045 1244 3156 Quo
1265 3042 1347 3128 fac-

305 3202 396 3260 tum
416 3203 474 3260 est
492 3181 757 3262 ut'nonnulli
775 3203 905 3262 totam
934 3203 1091 3264 aetatem
1109 3180 1215 3262 inter
1242 3181 1348 3262 insa-

305 3318 417 3396 niam
436 3339 476 3396 et
504 3318 707 3398 r‘ationem
725 3317 963 3399 diviserunt.
1023 3317 1112 3429 Qui
1128 3343 1347 3426 nunquam

299 3453 356 3532 ad
377 3455 756 3554 se1rudeunt,.fiunt
775 3455 955 3536 vicissim
972 3453 1117 3536 furiosi
1137 3475 1177 3534 et
1196 3454 1348 3553 tristem

300 3612 347 3672 et
364 3591 488 3672 modo
508 3592 553 3671 in
571 3591 662 3693 hoc,
674 3593 805 3674 modo
825 3593 869 3674 in
887 3593 956 3674 illo
972 3613 1092 3690 statu,
1110 3619 1265 3674 menses
1285 3591 1347 3672 in·

305 3749 438 3832 tegros
450 3728 659 3834 interdum
675 3751 817 3836 agunt.
877 3730 1063 3811 Proxime
1076 3729 1225 3810 absunt
1243 3759 1268 3810 a
1284 3757 1348 3811 ra·

306 3845 788 3965 tione,cumtristessunt
819 3869 947 3950 Vetus
960 3866 1129 3948 morbus
1141 3865 1348 3983 interdum

297 4023 490 4084 ‘mutatur
503 4003 546 4082 in
562 4025 782 4109 stuporem,
795 4026 864 4084 aut
878 4001 1114 4084 fatuitatem.
1173 4005 1235 4086 De
1247 4024 1349 4087 tem·

306 4167 402 4246 pore
418 4123 618 4246 praeterito
637 4140 749 4220 haud
768 4140 896 4248 magis
917 4168 1024 4240 sane,
1052 4167 1180 4246 quam
1198 4139 1249 4222 de
1263 4139 1349 4222 aliis

306 4277 426 4356 rebus
436 4257 651 4388 judicanti!
673 4304 817 4358 verum
832 4277 1074 4358 memoriam
1085 4275 1238 4358 habent
1249 4275 1347 4356 adeo

306 4413 598 4521 imperfectam,
626 4438 673 4497 ut
692 4415 862 4523 quidam
881 4413 1092 4536 touquesti
1107 4413 1189 4496 sint
1204 4443 1249 4534 le
1260 4413 1347 4522 jam
1419 4461 1424 4474 ·
