3016 5076
173 707 219 796 in
237 714 328 814 illis,
339 709 506 796 armum
516 734 652 794 motus
665 735 812 819 pereat,
826 733 866 794 et
877 711 952 792 alia
963 737 1213 818 consequan-

172 873 243 935 tur·
274 851 549 950 incommoda,
577 877 669 957 quae
701 849 823 956 hujus
857 845 1021 930 affectus
1052 849 1213 956 propria

172 1011 287 1088 sunt;
315 988 426 1069 unde
444 987 578 1068 evenit
595 1009 644 1068 ut
662 988 851 1068 nonnulli
869 1007 959 1092 post
971 1008 1124 1092 septem
1141 1015 1212 1066 an-

171 1153 247 1206 nos
258 1123 355 1206 fasti
369 1100 455 1230 sint
468 1121 725 1224 infirmiores,
744 1147 870 1230 quam
894 1122 963 1202 alii
975 1143 1066 1227 port
1084 1149 1210 1204 annos

173 1262 351 1369 triginta.
437 1249 440 1257 ¹

228 1399 337 1478 Vera
371 1397 549 1504 podagra
568 1417 659 1504 post
679 1423 823 1503 paucas
843 1395 1082 1478 accessiones
1111 1396 1210 1488 ade'o

172 1536 413 1642 plerumque
433 1531 631 1640 infigitur,
649 1559 697 1614 ut
714 1531 860 1614 deinde
877 1533 921 1612 in
940 1533 1120 1636 singulos
1139 1559 1211 1613 an-

173 1697 261 1772 nos,
290 1671 353 1752 vel
372 1669 530 1778 eaepius,
543 1697 699 1777 agrum
714 1669 868 1752 revisat.
927 1669 1137 1753 Interdum
1152 1692 1211 1750 ta·

150 1835 282 1909 ἱιιιειι,
290 1829 506 1914 postquam
514 1807 732 1916 quotannis
741 1831 895 1886 reversa
903 1805 1211 1906 fueratdiutius,

173 1944 321 2028 scilicet
353 1971 424 2050 per
451 1943 603 2042 decem,
630 1943 860 2042 duodecim,
888 1943 1210 2050 quatuordecim,

173 2081 332 2198 viginti,
345 2081 551 2162 autetiam
562 2103 653 2161 octo
671 2101 711 2160 et
725 2079 871 2185 viginti
890 2107 1030 2180 annos,
1043 2081 1210 2162 tandem

171 2215 354 2300 inducias
373 2215 503 2317 dedit;
532 2239 654 2324 atque
666 2217 727 2296 bae
746 2216 917 2298 induciae
933 2241 1095 2300 servatae
1114 2241 1211 2300 sunt

172 2381 298 2435 annos
317 2375 411 2454 tres,
428 2353 492 2437 vel
509 2351 662 2452 decem,
682 2354 745 2432 vel
759 2351 988 2453 duodecim,
1007 2355 1069 2434 vel
1087 2357 1209 2442 etiam

172 2489 350 2596 triginta,
379 2489 465 2570 sine
478 2487 650 2569 minima
668 2489 806 2570 salutis
824 2487 986 2596 injuria,
1015 2517 1106 2597 quae
1136 2521 1208 2598 po-

171 2625 309 2732 dagrae
323 2625 621 2734 conquiescenti
633 2626 726 2732 jure
739 2625 861 2731 objici
880 2649 1020 2732 posset.
1052 2627 1209 2734 Hujus·

171 2765 285 2846 modi
313 2766 493 2871 exempla
524 2765 740 2864 declarant,
771 2765 846 2844 ubi
872 2767 1005 2865 semel,
1034 2789 1104 2848 aut
1132 2795 1208 2850 sae·
1240 2875 1246 2884 ι

171 2899 274 3006 pius,
302 2901 449 3008 aliquio
463 2927 511 2982 ex
530 2901 699 2983 artubus
720 2901 971 3002 laboraverit,
990 2925 1126 2986 samm
1146 2931 1205 2985 re·
1251 2925 1255 2932 ·

170 3035 311 3142 positas
330 3035 511 3144 ejusdem
529 3035 665 3122 morbi
684 3037 922 3120 accessiones
942 3063 1027 3118 non
1045 3069 1126 3123 esse
1154 3043 1206 3122 ad

169 3171 380 3256 sanitatem
395 3167 655 3276 necessarias,
684 3173 1018 3282 quandoquidem
1030 3177 1207 3266 arthriti-

169 3337 238 3394 cus
254 3329 345 3392 tuto
364 3309 441 3390 illis
461 3311 633 3392 caruisse
653 3333 881 3417 compertus
901 3333 972 3411 est,
990 3313 1112 3396 etiam
1131 3315 1205 3396 ubi

168 3446 337 3527 morbus
352 3446 451 3528 adeo
462 3447 621 3554 penitus
633 3445 843 3550 insederat,
853 3470 893 3530 et
907 3449 1208 3554 inveteraverat,

169 3603 215 3662 ut
232 3609 282 3663 ex
300 3583 414 3688 vulgi
433 3583 622 3690 opinione
641 3585 828 3666 valetudo
857 3607 897 3666 et
915 3587 998 3666 vita
1017 3589 1102 3670 sine
1120 3591 1206 3698 ejus
1298 3695 1304 3703 Ι

168 3718 317 3800 auxilio
336 3741 440 3832 tecte
458 3719 670 3826 procedere
689 3747 774 3801 non
785 3745 958 3832 possent

221 3857 394 3954 Verum,
412 3879 461 3937 ut
478 3855 654 3938 maxime
672 3859 770 3938 utile
788 3858 912 3940 fuerit
931 3861 1119 3943 latentem
1136 3891 1207 3971 po-

168 3991 336 4098 dagram
361 3993 543 4094 excitare,
570 3997 633 4076 vel
662 3997 830 4077 crudam
849 4017 889 4076 et
917 3997 1208 4103 imperfectam,

167 4149 214 4208 ut
232 4128 362 4228 aiunt,
380 4152 602 4230 maturare3
629 4131 778 4212 medici
796 4153 931 4242 tamen
951 4161 1090 4214 omnes
1109 4131 1209 4216 fate·
1256 4221 1259 4228 ,

166 4285 288 4345 entur
316 4289 472 4348 necesse
504 4289 577 4384 est,
604 4267 719 4373 signa
747 4269 983 4374 hujusmodi
1015 4270 1207 4376 podagrae

166 4425 249 4496 esse
264 4399 489 4486 admodum
501 4405 685 4508 obscura,
698 4426 738 4489 et
752 4406 821 4488 vix
838 4405 921 4494 ulla
934 4405 1035 4508 dari,
1055 4408 1206 4518 quibus
