3104 5084
789 479 892 580 326

325 691 463 774 tulerit
479 691 593 798 signa
607 691 695 772 vitii
715 719 800 772 non
819 693 991 793 levioris,
1012 719 1137 800 quam
1150 694 1263 802 quod
1281 694 1363 775 fac-

324 853 417 918 tum
444 831 565 910 estin
584 829 789 936 deplorata
815 831 907 911 tabe
926 854 1137 912 strumosa.
1195 831 1361 912 Posteris

324 966 484 1047 utinam
497 967 549 1046 ad
560 966 670 1046 virus
685 989 937 1046 strumosum
945 997 1058 1074 arque
1069 991 1225 1050 certum
1237 995 1364 1050 reme-

323 1103 442 1183 dium
462 1125 531 1184 aut
550 1103 618 1183 det
637 1087 766 1202 ratio,'
779 1125 849 1184 aut
872 1103 956 1185 fors
976 1106 1150 1211 objiciat.
1168 1151 1172 1156 ·
1208 1110 1363 1188 Interea

324 1239 455 1320 multa
473 1262 583 1339 sunt,
611 1269 701 1346 quae
731 1241 919 1322 tabidum
937 1243 988 1322 de
1014 1244 1138 1323 salute
1157 1241 1363 1347 desperare

325 1397 486 1475 vetant3
515 1377 641 1456 modo
653 1377 783 1460 victus
803 1379 905 1458 ratio
916 1379 1018 1460 bene
1030 1381 1310 1476 constituatur,
1323 1399 1363 1458 et

324 1513 475 1593 solicite
496 1514 676 1594 vitentur
705 1541 960 1620 quacunque
984 1539 1054 1596 aut
1073 1516 1175 1596 vires
1205 1515 1364 1622 corpori

326 1649 507 1750 demant,
530 1673 601 1731 aut
618 1653 764 1731 morbo
784 1653 944 1759 addant.

380 1786 521 1893 Frigus
542 1817 741 1894 asperum,
760 1812 799 1870 et
814 1791 923 1870 venti
935 1789 1159 1890 brumales,
1177 1790 1364 1872 valentis-

323 1923 447 2004 simos
480 1926 693 2030 pulmones
732 1947 902 2026 tentant,
934 1947 974 2008 et
1011 1947 1137 2007 tusses
1166 1949 1361 2028 movent3

322 2061 495 2166 ideoque
515 2090 771 2168 summopere
789 2063 954 2143 vitanda
982 2086 1077 2144 sunt
1097 2065 1229 2164 abiis,
1257 2093 1362 2172 quo-

324 2225 419 2280 rum
434 2201 645 2303 pulmones
659 2221 754 2282 sunt
774 2185 1026 2280 infirmiores.
1086 2202 1284 2282 Nonnihil
1292 2203 1362 2308 ju·

324 2337 438 2416 vabit
449 2337 619 2417 amictus
635 2337 820 2443 tepidior,
835 2337 963 2442 qualis
985 2359 1043 2416 est
1057 2338 1175 2418 vestis
1194 2339 1362 2420 interior

323 2475 461 2573 lanea3
490 2474 753 2554 utilissimum
784 2495 932 2573 autem,
961 2474 994 2555 si
1024 2472 1111 2554 fieri
1141 2496 1283 2580 potest,
1312 2505 1361 2570 ex

325 2611 477 2718 frigido
488 2613 533 2691 in
544 2613 683 2692 mitius
698 2613 850 2694 coelum
863 2612 1040 2692 transire.
1089 2612 1249 2693 Tabido
1263 2627 1364 2720 pra}

324 2771 387 2831 ter
405 2751 543 2830 omnia
561 2751 648 2830 loca
668 2749 900 2831 convenerit
922 2749 1053 2829 insula
1072 2749 1183 2829 haud
1202 2779 1363 2858 magna,

325 2885 472 2992 inqua
501 2907 658 2966 montes
685 2886 787 2964 nulli
817 2885 957 2966 excelsi
983 2907 1090 2984 sunt,
1121 2914 1210 2992 quae
1239 2887 1363 2968 etiam

325 3025 467 3129 procul
479 3047 633 3104 remota
644 3045 701 3103 est
716 3051 739 3101 a
754 3023 962 3103 montibus
976 3021 1177 3102 nivalibus
1190 3023 1362 3110 aliarum'

325 3181 538 3260 terrarum,
556 3182 596 3240 et
614 3159 728 3264 cujus
748 3159 982 3264 deniqueeo
998 3181 1056 3240 est
1074 3162 1295 3265 temperies,
1313 3185 1362 3256 ut

325 3297 550 3376 mercurius
570 3297 614 3375 in
632 3296 924 3377 thermometro
937 3295 1252 3378 Fahrenheitano
1270 3327 1362 3382 raro

327 3434 489 3514 excedat
500 3433 1080 3539 gradumnonagesimum‚·aut
1091 3433 1197 3514 infra
1206 3463 1363 3542 sexage-

327 3571 480 3651 simum
499 3569 720 3650 descendat.
751 3573 823 3649 Per
838 3592 1014 3676 quatuor
1033 3571 1189 3652 aestivos
1204 3599 1359 3654 menses

327 3706 360 3786 is
380 3730 439 3788 est
458 3707 681 3786 Britannici
700 3707 794 3787 coeli
813 3728 939 3813 tepor,
957 3729 1005 3787 ut
1023 3707 1186 3790 tabidus
1210 3693 1362 3792 frustra

329 3864 524 3950 quareret
536 3843 645 3922 aliud
658 3843 735 3922 sibi
748 3843 1062 3924 convenientius.
1087 3847 1228 3952 Itaque
1239 3875 1361 3928 nemo

327 3981 545 4060 Britannus
569 4007 591 4059 e
619 3981 812 4085 pulmone
845 3981 1028 4060 laborans
1058 3981 1191 4062 solum
1211 4005 1362 4064 vertere

328 4118 446 4196 debet
465 4143 639 4196 amense
657 4115 771 4196 Maio
788 4143 918 4224 usque
948 4117 999 4196 ad
1017 4119 1262 4218 Octobrem;
1292 4133 1362 4224 per

327 4253 502 4359 reliquos
532 4279 687 4364 menses
706 4253 764 4333 ire
783 4253 947 4358 juvabit
976 4237 1198 4351 inlocum,
1231 4255 1360 4362 qualis

327 4391 451 4470 modo
463 4390 789 4498 propositusfiiit.
811 4391 1112 4473 Exercitationis
1120 4419 1246 4498 genus
1258 4391 1358 4474 illud
