3104 5084
708 485 811 595 397

231 663 463 798 eligendum
483 713 555 793 est,
574 692 688 800 quod
706 691 784 800 ipsi
803 719 911 800 aegro
929 691 1153 774 maximam
1170 665 1273 775 ferat

229 827 548 930 delectationem,
566 851 606 910 et
625 829 904 912 lassitudinem
918 829 1146 910 minimam.

232 1021 235 1028 ,
286 965 495 1046 Tabidum
515 987 672 1074 oportet
691 965 894 1072 imprimis
915 965 1115 1047 abstinere
1135 953 1269 1046 avino
1296 1001 1301 1018 ·

232 1129 494 1218 quocunque,
526 1126 566 1186 et
603 1105 654 1184 ab
688 1103 803 1184 omni
840 1103 1003 1210 potione
1040 1103 1272 1204 meraciore,

229 1239 343 1339 item,
363 1261 567 1347 quantum
586 1239 800 1321 commode
829 1239 917 1321 fieri
936 1259 1078 1346 potest,
1108 1267 1271 1320 carnem

229 1375 322 1456 cibo
352 1377 609 1478 subtrahere;
640 1405 737 1458 cum
765 1403 860 1458 vero
891 1375 1099 1456 nonnullis
1132 1375 1271 1458 odiosa

229 1513 310 1594 sint
344 1541 435 1620 quae
473 1543 494 1595 e
527 1535 633 1595 terra
665 1515 906 1620 gignuntur,
938 1513 1094 1620 aliquid
1128 1541 1269 1594 conce-

229 1649 419 1731 dendum‘
432 1673 491 1734 est
512 1651 594 1732 sive
614 1651 912 1752 consuetudini,
931 1651 1013 1732 sive
1032 1671 1200 1751 naturas,
1218 1651 1269 1732 ne

229 1785 335 1867 forte
364 1788 397 1868 si
417 1815 508 1869 caro
539 1817 586 1870 ex
616 1811 702 1869 toto
728 1787 886 1870 sublata
904 1787 969 1887 sit,
996 1787 1099 1868 vires
1129 1789 1270 1896 aegroti

229 1924 358 2031 magis
374 1925 628 2025 minuantur,
639 1953 766 2033 quam
780 1926 863 2032 ipse
878 1925 1057 2006 morbus.
1109 1925 1269 2038 Quam-

229 2059 290 2140 vis
309 2061 419 2141 enim
439 2061 520 2142 cibi
539 2061 752 2169 cupiditati
770 2089 856 2142 non
871 2087 1027 2168 semper
1055 2061 1270 2169 indulgen-

228 2197 332 2278 dum
359 2199 434 2298 sit;
464 2221 600 2280 tamen
628 2199 913 2306 agrotantium
931 2221 1026 2278 vota
1057 2225 1143 2278 non
1171 2221 1268 2282 sunt

227 2333 350 2415 nimis
366 2364 498 2416 severe
513 2335 738 2446 rejicienda,
752 2345 823 2418 au't
836 2363 999 2444 prorsus
1014 2336 1265 2442 negligenda.

140 2513 145 2522 ·
228 2471 345 2552 Potui
372 2473 576 2578 aptissima
606 2473 682 2554 erit
707 2501 813 2580 aqua
841 2499 956 2580 pura,
975 2473 1138 2580 qualem
1166 2501 1267 2579 prae-

227 2607 326 2689 bent
344 2607 474 2692 fontes
494 2609 645 2691 montis
665 2609 970 2709 Malvernensis‚
983 2610 1046 2690 vel
1065 2607 1264 2691 distillata.

231 2744 337 2857 Quae
369 2774 464 2828 vero
495 2748 653 2853 copiam
687 2773 880 2853 magnam
911 2745 1033 2828 habet
1065 2747 1195 2847 calcis,
1226 2771 1266 2830 et

228 2881 450 2964 acidorum·
479 2883 752 2984 mineralium,
784 2911 939 2964 veneno
975 2881 1087 2989 pejus
1116 2905 1175 2964 est
1205 2884 1265 2962 vi-

228 3019 375 3120 tanda;
404 3047 501 3100 cum
520 3021 757 3127 hujusmodi
771 3049 890 3127 aqua,
909 3043 957 3102 ut
974 3020 1078 3100 mihi
1093 3019 1267 3120 videtur,

228 3155 387 3261 corpori
409 3157 608 3264 praecipue
637 3157 803 3268 inimica
821 3178 893 3257 est,
921 3157 1130 3263 glandulas
1160 3157 1266 3264 lym-

226 3289 403 3397 phaticas
423 3293 694 3400 impediendo,
716 3315 756 3374 et
773 3295 1052 3393 exulcerando,
1080 3293 1202 3375 etiam
1220 3295 1265 3376 in

226 3427 434 3528 adultis,et
447 3431 519 3536 qui
528 3431 580 3510 ab
593 3431 707 3510 omni
719 3431 807 3512 labe
819 3451 1019 3544 strumosa
1030 3431 1145 3512 liberi
1155 3454 1262 3513 sunt.
1372 3509 1376 3530 ,

225 3565 349 3644 Porro
363 3565 448 3646 haec
468 3566 577 3666 vitia,
597 3565 676 3646 nisi
694 3563 824 3668 fallor,
849 3565 935 3648 vidi
954 3595 1069 3674 aquae
1087 3569 1261 3675 purioris

227 3727 307 3780 usu
329 3701 488 3784 discuti.

281 3839 496 3945 Navigatio
508 3841 658 3946 longaa
671 3840 932 3947 quibusdam,
944 3869 1047 3950 quos
1057 3841 1264 3942 curabam,

225 3994 377 4056 tentata
404 3975 498 4076 fuit,
526 3997 579 4077 et,
605 3999 654 4058 ut
682 3977 778 4084 ipsis
804 3977 1031 4078 videbatur,
1059 4005 1145 4058 non
1179 3977 1265 4058 sine

226 4111 362 4194 morbi
381 4113 595 4196 levatione:
625 4136 761 4196 tamen
779 4115 865 4196 aliis
885 4137 988 4197 certe
1007 4141 1153 4224 parum
1171 4141 1267 4222 pro-

224 4246 316 4330 fuit.
375 4249 484 4330 Tuta
502 4251 672 4357 quidem
700 4275 858 4358 semper
873 4275 956 4352 est3
985 4281 1117 4360 neque
1131 4254 1264 4334 ausim

222 4384 353 4493 majus
384 4387 608 4494 quicquam
636 4415 685 4472 ex
706 4389 774 4470 illa
803 4389 991 4496 polliceri.
1050 4389 1263 4488 Nonnulli,
