2990 5078
662 367 951 526 na

295 595 405 673 nem.
461 587 656 670 Vomitus
671 609 850 695 quoque,
865 607 905 666 et
921 577 1130 692 sanguinis
1145 559 1341 672 detractio

163 783 171 802 ·
298 749 456 810 nocent.
506 729 614 807 Cum
628 723 815 831 epilepsia
830 727 933 804 vires
949 724 1133 830 acquirat
1146 751 1218 832 per
1235 755 1338 808 som-

300 895 419 964 num,
441 863 499 943 illi
519 863 641 976 nimis
671 860 882 966 indulgere
901 861 1070 966 impune
1089 890 1175 942 non
1194 862 1342 946 licebit.

301 1001 617 1108 Diligentissime
629 997 857 1106 cavendum
873 1020 931 1078 est
946 999 998 1078 ab
1010 999 1126 1078 omni
1138 1001 1341 1082 occasione

268 1238 273 1248 .
302 1139 478 1238 terrulis,
493 1138 566 1245 qui
579 1136 703 1244 possit
714 1161 799 1214 non
815 1137 950 1216 solum
964 1136 1207 1218 accessiones
1217 1165 1346 1220 arcese

302 1307 398 1378 aere,
416 1303 560 1358 uerum
575 1273 711 1380 ipsum
730 1273 926 1356 morbum
942 1299 1084 1353 creare.
1143 1277 1342 1383 Intempe-

302 1413 445 1512 tantia,
453 1435 492 1492 et
500 1410 697 1518 praecipue
705 1407 1130 1518 immodicuo·Veneria
1140 1436 1251 1512 usuc,
1261 1415 1344 1514 alit,

304 1577 377 1632 nec
397 1575 481 1629 non
493 1547 702 1627 interdum
714 1545 856 1651 genuit
870 1543 983 1626 hunc
997 1547 1204 1628 morbum.
1235 1550 1344 1631 Cum

219 1773 222 1785 ,
302 1715 399 1768 vero
417 1687 633 1768 innumera
651 1683 840 1782 remedia,
870 1711 960 1789 quae
980 1683 1157 1764 inlibris
1176 1687 1342 1769 medicis

303 1803 569 1922 celebrantur,
596 1850 676 1902 usu
695 1821 826 1900 multo
845 1819 972 1900 fretus
997 1811 1240 1929 magnopere
1260 1826 1345 1906 lau.

304 1965 399 2046 dare
421 1989 506 2042 non
531 1987 723 2066 possum;
753 1957 875 2037 satius
901 1987 983 2038 esse
1008 1981 1109 2064 puto
1138 1983 1281 2064 tacere,
1306 1986 1348 2044 et

305 2101 459 2182 famam
478 2125 621 2179 eorum
640 2095 726 2176 aliie
753 2093 949 2176 tuendam
968 2095 1208 2210 relinquere.

629 2300 1031 2343 m

725 2447 832 2526 Cae.
862 2444 928 2525 34.

644 2609 712 2692 De
732 2609 1003 2717 Erysipelulo

364 2773 529 2853 Ruuoa
546 2771 704 2851 subitus
717 2770 819 2858 cutis
833 2797 930 2850 cum
942 2769 1080 2876 aliquo
1095 2791 1270 2872 tumore,
1283 2801 1347 2854 ca-·

308 2909 404 3008 lore,
423 2931 462 2990 et
480 2909 630 3008 dolore,
650 2929 688 2988 et
702 2905 912 2987 interdum
927 2933 1025 2986 cum
1037 2907 1220 2988 vesiculis
1239 2896 1346 3016 a‘qua

307 3043 449 3150 plenis,
463 3067 631 3127 vocatur
642 3043 865 3152 erysipelas.
911 3044 1019 3122 Cum
1030 3041 1093 3122 his
1105 3045 1347 3152 plerumque

307 3180 432 3264 febris
451 3205 524 3282 est,
542 3183 656 3288 cujus
677 3183 791 3288 signa
810 3201 1000 3260 consueta
1024 3181 1266 3264 antecedunt
1284 3183 1352 3266 die

179 3415 183 3418 ,
309 3345 409 3419 uno,
428 3321 491 3400 vel
509 3319 686 3418 duobus,
704 3319 768 3398 vel
786 3317 908 3398 etiam
922 3317 1065 3398 tribus.
1124 3315 1352 3426 Eryaipelaa

309 3459 392 3536 lere
411 3478 581 3560 occupat
598 3453 758 3554 faciem,
776 3476 910 3560 caput,
929 3453 1094 3554 collum,
1121 3455 1185 3536 vel
1203 3454 1350 3540 hume·

311 3617 398 3691 ros;
423 3619 562 3700 graves
576 3615 712 3674 tamen
724 3590 1064 3673 inflammationes
1078 3592 1250 3675 aliatum
1261 3622 1352 3700 par-

312 3729 418 3810 tium
429 3731 761 3831 exulceratarum,
774 3752 866 3810 tum
879 3728 1054 3812 maxime
1069 3757 1354 3843 crurumery.
1482 3745 1483 3750 ‘

311 3867 451 3975 olpelaa
480 3869 787 3976 quodammodo
820 3866 1014 3967 referunt,
1041 3889 1164 3976 atque
1195 3898 1245 3952 eo
1278 3899 1353 3956 no-

312 4007 424 4087 mine
443 3981 704 4113 appellantur.

246 4219 250 4228 .
369 4145 463 4225 Hoc
478 4143 628 4224 vitium
641 4143 785 4250 incipit
799 4173 824 4224 a
842 4145 999 4225 macula
1011 4143 1156 4251 exigua
1170 4145 1297 4246 nubta
1310 4147 1354 4226 in
1481 4215 1482 4220 a

312 4281 449 4390 aliqua
466 4309 515 4363 ex
533 4281 582 4363 iis
602 4281 785 4390 partibus
805 4309 901 4388 quae
921 4305 1158 4368 memoratae
1179 4306 1289 4384 tunt,
1317 4305 1355 4366 et
