<?xml version="1.0" encoding="UTF-8"?>
<!DOCTYPE html PUBLIC "-//W3C//DTD XHTML 1.0 Transitional//EN"
    "http://www.w3.org/TR/xhtml1/DTD/xhtml1-transitional.dtd">
<html xmlns="http://www.w3.org/1999/xhtml" xml:lang="en" lang="en">
 <head>
  <title>
</title>
<meta http-equiv="Content-Type" content="text/html;charset=utf-8" />
  <meta name='ocr-system' content='tesseract 3.04.00' />
  <meta name='ocr-capabilities' content='ocr_page ocr_carea ocr_par ocr_line ocrx_word'/>
</head>
<body>
  <div class='ocr_page' id='page_1' title='image "./commentariidemo00hebegoog_0077.png"; bbox 0 0 3016 5076; ppageno 0'>
   <div class='ocr_carea' id='block_1_1' title="bbox 795 475 866 579">
    <p class='ocr_par' dir='ltr' id='par_1_1' title="bbox 795 475 866 579">
     <span class='ocr_line' id='line_1_1' title="bbox 795 475 866 579; baseline 0.014 -1"><span class='ocrx_word' id='word_1_1' title='bbox 795 475 866 579; x_wconf 89' lang='grc'>60</span> 
     </span>
    </p>
   </div>
   <div class='ocr_carea' id='block_1_2' title="bbox 292 689 1351 3535">
    <p class='ocr_par' dir='ltr' id='par_1_2' title="bbox 303 689 1351 1347">
     <span class='ocr_line' id='line_1_2' title="bbox 304 689 1349 797; baseline 0.003 -25"><span class='ocrx_word' id='word_1_2' title='bbox 304 689 458 772; x_wconf 87' lang='lat' dir='ltr'>sarium</span> <span class='ocrx_word' id='word_1_3' title='bbox 478 711 550 789; x_wconf 89' lang='lat' dir='ltr'>est,</span> <span class='ocrx_word' id='word_1_4' title='bbox 568 717 653 797; x_wconf 92' lang='lat' dir='ltr'>quo</span> <span class='ocrx_word' id='word_1_5' title='bbox 673 689 755 772; x_wconf 87' lang='lat' dir='ltr'>situ</span> <span class='ocrx_word' id='word_1_6' title='bbox 768 691 925 780; x_wconf 83' lang='lat' dir='ltr'>levatur</span> <span class='ocrx_word' id='word_1_7' title='bbox 939 691 1109 791; x_wconf 83' lang='lat' dir='ltr'>malum,</span> <span class='ocrx_word' id='word_1_8' title='bbox 1123 691 1299 774; x_wconf 86' lang='lat' dir='ltr'><strong>maxime</strong></span> <span class='ocrx_word' id='word_1_9' title='bbox 1313 692 1349 775; x_wconf 83' lang='lat' dir='ltr'>si</span> 
     </span>
     <span class='ocr_line' id='line_1_3' title="bbox 305 823 1351 936; baseline 0.005 -29"><span class='ocrx_word' id='word_1_10' title='bbox 305 855 452 932; x_wconf 89' lang='lat' dir='ltr'>corpus</span> <span class='ocrx_word' id='word_1_11' title='bbox 485 828 656 934; x_wconf 90' lang='lat' dir='ltr'>paulum</span> <span class='ocrx_word' id='word_1_12' title='bbox 689 823 898 910; x_wconf 83' lang='lat' dir='ltr'>flectatur:</span> <span class='ocrx_word' id='word_1_13' title='bbox 935 856 1070 936; x_wconf 89' lang='lat' dir='ltr'>neque</span> <span class='ocrx_word' id='word_1_14' title='bbox 1104 850 1242 910; x_wconf 91' lang='lat' dir='ltr'>tamen</span> <span class='ocrx_word' id='word_1_15' title='bbox 1270 828 1351 912; x_wconf 91' lang='lat' dir='ltr'>hoc</span> 
     </span>
     <span class='ocr_line' id='line_1_4' title="bbox 303 965 1350 1074; baseline 0.003 -29"><span class='ocrx_word' id='word_1_16' title='bbox 303 965 403 1045; x_wconf 89' lang='lat' dir='ltr'>adeo</span> <span class='ocrx_word' id='word_1_17' title='bbox 423 987 664 1070; x_wconf 90' lang='lat' dir='ltr'>perpetuum</span> <span class='ocrx_word' id='word_1_18' title='bbox 683 987 755 1065; x_wconf 83' lang='lat' dir='ltr'>est,</span> <span class='ocrx_word' id='word_1_19' title='bbox 773 987 921 1046; x_wconf 90' lang='lat' dir='ltr'>utnon</span> <span class='ocrx_word' id='word_1_20' title='bbox 939 966 1159 1074; x_wconf 87' lang='lat' dir='ltr'>aliquando</span> <span class='ocrx_word' id='word_1_21' title='bbox 1171 966 1350 1048; x_wconf 83' lang='lat' dir='ltr'>viderim</span> 
     </span>
     <span class='ocr_line' id='line_1_5' title="bbox 303 1081 1349 1210; baseline 0.004 -30"><span class='ocrx_word' id='word_1_22' title='bbox 303 1100 561 1181; x_wconf 90' lang='lat' dir='ltr'>asthmaticos</span> <span class='ocrx_word' id='word_1_23' title='bbox 578 1103 652 1209; x_wconf 91' lang='lat' dir='ltr'>qui</span> <span class='ocrx_word' id='word_1_24' title='bbox 671 1081 902 1209; x_wconf 79' lang='lat' dir='ltr'>resupinato</span> <span class='ocrx_word' id='word_1_25' title='bbox 917 1128 1082 1210; x_wconf 82' lang='lat' dir='ltr'>corpore</span> <span class='ocrx_word' id='word_1_26' title='bbox 1098 1101 1349 1192; x_wconf 83' lang='lat' dir='ltr'>tolerabilius</span> 
     </span>
     <span class='ocr_line' id='line_1_6' title="bbox 303 1237 1153 1347; baseline -0.004 -29"><span class='ocrx_word' id='word_1_27' title='bbox 303 1265 344 1318; x_wconf 89' lang='lat' dir='ltr'>se</span> <span class='ocrx_word' id='word_1_28' title='bbox 363 1237 592 1318; x_wconf 87' lang='lat' dir='ltr'><strong>habuerint.</strong></span> <span class='ocrx_word' id='word_1_29' title='bbox 1151 1341 1153 1347; x_wconf 22' lang='grc' dir='ltr'>Ι</span> 
     </span>
    </p>

    <p class='ocr_par' dir='ltr' id='par_1_3' title="bbox 292 1375 1351 3535">
     <span class='ocr_line' id='line_1_7' title="bbox 358 1375 1351 1482; baseline 0.002 -26"><span class='ocrx_word' id='word_1_30' title='bbox 358 1375 530 1482; x_wconf 88' lang='lat' dir='ltr'><strong>Spiritus</strong></span> <span class='ocrx_word' id='word_1_31' title='bbox 564 1377 772 1460; x_wconf 79' lang='lat' dir='ltr'><strong>nonnullis</strong></span> <span class='ocrx_word' id='word_1_32' title='bbox 803 1375 1006 1458; x_wconf 88' lang='lat' dir='ltr'>difficilius</span> <span class='ocrx_word' id='word_1_33' title='bbox 1040 1376 1207 1460; x_wconf 88' lang='lat' dir='ltr'>ducitur</span> <span class='ocrx_word' id='word_1_34' title='bbox 1244 1377 1351 1480; x_wconf 85' lang='lat' dir='ltr'>ruri,</span> 
     </span>
     <span class='ocr_line' id='line_1_8' title="bbox 302 1512 1351 1622; baseline 0.004 -30"><span class='ocrx_word' id='word_1_35' title='bbox 302 1512 971 1620; x_wconf 79' lang='lat' dir='ltr'>quamin&#39;urbibusfrequentibus3</span> <span class='ocrx_word' id='word_1_36' title='bbox 984 1514 1351 1622; x_wconf 86' lang='lat' dir='ltr'>multopluresim-</span> 
     </span>
     <span class='ocr_line' id='line_1_9' title="bbox 299 1651 1342 1758; baseline 0.004 -30"><span class='ocrx_word' id='word_1_37' title='bbox 299 1651 494 1755; x_wconf 89' lang='lat' dir='ltr'>patientes</span> <span class='ocrx_word' id='word_1_38' title='bbox 514 1671 610 1730; x_wconf 91' lang='lat' dir='ltr'>sunt</span> <span class='ocrx_word' id='word_1_39' title='bbox 629 1651 813 1750; x_wconf 90' lang='lat' dir='ltr'>urbium,</span> <span class='ocrx_word' id='word_1_40' title='bbox 831 1673 871 1732; x_wconf 93' lang='lat' dir='ltr'>et</span> <span class='ocrx_word' id='word_1_41' title='bbox 888 1651 1046 1732; x_wconf 82' lang='lat' dir='ltr'>facilius</span> <span class='ocrx_word' id='word_1_42' title='bbox 1066 1651 1221 1758; x_wconf 83' lang='lat' dir='ltr'>spirant</span> <span class='ocrx_word' id='word_1_43' title='bbox 1240 1651 1342 1732; x_wconf 88' lang='lat' dir='ltr'>ruri.</span> 
     </span>
     <span class='ocr_line' id='line_1_10' title="bbox 299 1787 1345 1895; baseline 0.003 -28"><span class='ocrx_word' id='word_1_44' title='bbox 299 1791 382 1867; x_wconf 84' lang='lat' dir='ltr'>A&#39;e&#39;r</span> <span class='ocrx_word' id='word_1_45' title='bbox 407 1787 595 1893; x_wconf 85' lang='lat' dir='ltr'>frigidior</span> <span class='ocrx_word' id='word_1_46' title='bbox 615 1788 814 1895; x_wconf 90' lang='lat' dir='ltr'>plerisque</span> <span class='ocrx_word' id='word_1_47' title='bbox 834 1788 975 1869; x_wconf 88' lang='lat' dir='ltr'>solatio</span> <span class='ocrx_word' id='word_1_48' title='bbox 1003 1815 1086 1870; x_wconf 88' lang='lat' dir='ltr'>esse</span> <span class='ocrx_word' id='word_1_49' title='bbox 1105 1789 1345 1888; x_wconf 72' lang='lat' dir='ltr'>consuevitc</span> 
     </span>
     <span class='ocr_line' id='line_1_11' title="bbox 299 1925 1347 2034; baseline 0.002 -30"><span class='ocrx_word' id='word_1_50' title='bbox 299 1925 544 2006; x_wconf 87' lang='lat' dir='ltr'>novitamen</span> <span class='ocrx_word' id='word_1_51' title='bbox 552 1925 982 2006; x_wconf 87' lang='lat' dir='ltr'>asthmaticumunum</span> <span class='ocrx_word' id='word_1_52' title='bbox 990 1945 1030 2006; x_wconf 89' lang='lat' dir='ltr'>et</span> <span class='ocrx_word' id='word_1_53' title='bbox 1039 1925 1224 2020; x_wconf 87' lang='lat' dir='ltr'>alterum,</span> <span class='ocrx_word' id='word_1_54' title='bbox 1237 1953 1347 2034; x_wconf 86' lang='lat' dir='ltr'>quos</span> 
     </span>
     <span class='ocr_line' id='line_1_12' title="bbox 292 2029 1345 2168; baseline 0.004 -28"><span class='ocrx_word' id='word_1_55' title='bbox 292 2062 465 2168; x_wconf 82' lang='lat' dir='ltr'>juvabat</span> <span class='ocrx_word' id='word_1_56' title='bbox 484 2029 666 2142; x_wconf 88' lang='lat' dir='ltr'>accedere</span> <span class='ocrx_word' id='word_1_57' title='bbox 678 2061 730 2142; x_wconf 90' lang='lat' dir='ltr'>ad</span> <span class='ocrx_word' id='word_1_58' title='bbox 743 2063 882 2167; x_wconf 86' lang='lat' dir='ltr'>ignem</span> <span class='ocrx_word' id='word_1_59' title='bbox 898 2062 1166 2160; x_wconf 89' lang='lat' dir='ltr'>luculentum,</span> <span class='ocrx_word' id='word_1_60' title='bbox 1181 2063 1345 2168; x_wconf 86' lang='lat' dir='ltr'>quoties</span> 
     </span>
     <span class='ocr_line' id='line_1_13' title="bbox 298 2198 1346 2310; baseline 0 -32"><span class='ocrx_word' id='word_1_61' title='bbox 298 2199 468 2278; x_wconf 87' lang='lat' dir='ltr'>morbus</span> <span class='ocrx_word' id='word_1_62' title='bbox 484 2220 655 2305; x_wconf 85' lang='lat' dir='ltr'>urgeret.</span> <span class='ocrx_word' id='word_1_63' title='bbox 687 2199 855 2310; x_wconf 68' lang='lat' dir='ltr'>Quavis</span> <span class='ocrx_word' id='word_1_64' title='bbox 871 2198 1044 2286; x_wconf 84' lang='lat' dir='ltr'>mutatio</span> <span class='ocrx_word' id='word_1_65' title='bbox 1059 2198 1153 2278; x_wconf 87' lang='lat' dir='ltr'>coeli</span> <span class='ocrx_word' id='word_1_66' title='bbox 1168 2199 1346 2305; x_wconf 60' lang='lat' dir='ltr'>quibus,</span> 
     </span>
     <span class='ocr_line' id='line_1_14' title="bbox 297 2334 1344 2442; baseline 0.006 -28"><span class='ocrx_word' id='word_1_67' title='bbox 297 2336 395 2416; x_wconf 93' lang='lat' dir='ltr'>dam</span> <span class='ocrx_word' id='word_1_68' title='bbox 414 2335 564 2416; x_wconf 84' lang='lat' dir='ltr'>auxilio</span> <span class='ocrx_word' id='word_1_69' title='bbox 583 2357 651 2416; x_wconf 86' lang='lat' dir='ltr'>est.</span> <span class='ocrx_word' id='word_1_70' title='bbox 708 2335 840 2418; x_wconf 83' lang='lat' dir='ltr'>Semel</span> <span class='ocrx_word' id='word_1_71' title='bbox 858 2357 981 2442; x_wconf 86' lang='lat' dir='ltr'>atque</span> <span class='ocrx_word' id='word_1_72' title='bbox 1000 2334 1151 2416; x_wconf 84' lang='lat' dir='ltr'>iterum</span> <span class='ocrx_word' id='word_1_73' title='bbox 1179 2334 1344 2428; x_wconf 83' lang='lat' dir='ltr'>asthma</span> 
     </span>
     <span class='ocr_line' id='line_1_15' title="bbox 296 2471 1342 2579; baseline 0.001 -25"><span class='ocrx_word' id='word_1_74' title='bbox 296 2473 379 2554; x_wconf 87' lang='lat' dir='ltr'>fuit</span> <span class='ocrx_word' id='word_1_75' title='bbox 411 2472 657 2554; x_wconf 80' lang='lat' dir='ltr'>tolerabilius</span> <span class='ocrx_word' id='word_1_76' title='bbox 687 2471 732 2552; x_wconf 92' lang='lat' dir='ltr'>in</span> <span class='ocrx_word' id='word_1_77' title='bbox 750 2471 911 2577; x_wconf 81' lang='lat' dir='ltr'>Augila,</span> <span class='ocrx_word' id='word_1_78' title='bbox 941 2499 1068 2578; x_wconf 86' lang='lat' dir='ltr'>quarn</span> <span class='ocrx_word' id='word_1_79' title='bbox 1100 2471 1145 2552; x_wconf 89' lang='lat' dir='ltr'>in</span> <span class='ocrx_word' id='word_1_80' title='bbox 1175 2471 1342 2579; x_wconf 86' lang='lat' dir='ltr'>regione</span> 
     </span>
     <span class='ocr_line' id='line_1_16' title="bbox 296 2605 1343 2717; baseline 0 -25"><span class='ocrx_word' id='word_1_81' title='bbox 296 2611 516 2717; x_wconf 87' lang='lat' dir='ltr'>tepidiore;</span> <span class='ocrx_word' id='word_1_82' title='bbox 544 2609 659 2716; x_wconf 92' lang='lat' dir='ltr'>quod</span> <span class='ocrx_word' id='word_1_83' title='bbox 678 2609 919 2716; x_wconf 89' lang='lat' dir='ltr'>plerumque</span> <span class='ocrx_word' id='word_1_84' title='bbox 947 2629 1089 2698; x_wconf 89' lang='lat' dir='ltr'>contra</span> <span class='ocrx_word' id='word_1_85' title='bbox 1117 2605 1206 2704; x_wconf 77' lang='lat' dir='ltr'>fieri</span> <span class='ocrx_word' id='word_1_86' title='bbox 1226 2609 1343 2704; x_wconf 83' lang='lat' dir='ltr'>vide-¹</span> 
     </span>
     <span class='ocr_line' id='line_1_17' title="bbox 296 2745 1343 2854; baseline -0.001 -26"><span class='ocrx_word' id='word_1_87' title='bbox 296 2777 401 2834; x_wconf 88' lang='lat' dir='ltr'>mus.</span> <span class='ocrx_word' id='word_1_88' title='bbox 461 2747 606 2830; x_wconf 80' lang='lat' dir='ltr'>Hiems</span> <span class='ocrx_word' id='word_1_89' title='bbox 626 2774 806 2854; x_wconf 88' lang='lat' dir='ltr'>quoque,</span> <span class='ocrx_word' id='word_1_90' title='bbox 834 2773 926 2853; x_wconf 86' lang='lat' dir='ltr'>quae</span> <span class='ocrx_word' id='word_1_91' title='bbox 946 2745 1146 2854; x_wconf 87' lang='lat' dir='ltr'>plerisque</span> <span class='ocrx_word' id='word_1_92' title='bbox 1172 2746 1343 2842; x_wconf 89' lang='lat' dir='ltr'>inimica</span> 
     </span>
     <span class='ocr_line' id='line_1_18' title="bbox 295 2883 1343 2999; baseline 0 -33"><span class='ocrx_word' id='word_1_93' title='bbox 295 2907 367 2985; x_wconf 88' lang='lat' dir='ltr'>est,</span> <span class='ocrx_word' id='word_1_94' title='bbox 379 2885 585 2968; x_wconf 86' lang='lat' dir='ltr'>nonnullis</span> <span class='ocrx_word' id='word_1_95' title='bbox 598 2884 843 2968; x_wconf 88' lang='lat' dir='ltr'>tolerabilior</span> <span class='ocrx_word' id='word_1_96' title='bbox 854 2883 949 2984; x_wconf 79' lang='lat' dir='ltr'>fuit,</span> <span class='ocrx_word' id='word_1_97' title='bbox 961 2905 1226 2999; x_wconf 72' lang='lat' dir='ltr'>quamastas.</span> <span class='ocrx_word' id='word_1_98' title='bbox 1255 2885 1343 2976; x_wconf 87' lang='lat' dir='ltr'>Na-</span> 
     </span>
     <span class='ocr_line' id='line_1_19' title="bbox 294 3020 1341 3132; baseline 0.001 -30"><span class='ocrx_word' id='word_1_99' title='bbox 294 3023 446 3128; x_wconf 84' lang='lat' dir='ltr'>vigatio</span> <span class='ocrx_word' id='word_1_100' title='bbox 465 3023 585 3130; x_wconf 83' lang='lat' dir='ltr'>longa</span> <span class='ocrx_word' id='word_1_101' title='bbox 598 3023 779 3130; x_wconf 89' lang='lat' dir='ltr'>plurium</span> <span class='ocrx_word' id='word_1_102' title='bbox 793 3022 999 3105; x_wconf 87' lang='lat' dir='ltr'>mensium</span> <span class='ocrx_word' id='word_1_103' title='bbox 1014 3020 1128 3132; x_wconf 81' lang='lat' dir='ltr'>hunc</span> <span class='ocrx_word' id='word_1_104' title='bbox 1140 3021 1341 3109; x_wconf 84' lang='lat' dir='ltr'>morbum</span> 
     </span>
     <span class='ocr_line' id='line_1_20' title="bbox 293 3158 1338 3265; baseline 0.001 -27"><span class='ocrx_word' id='word_1_105' title='bbox 293 3186 380 3239; x_wconf 93' lang='lat' dir='ltr'>non</span> <span class='ocrx_word' id='word_1_106' title='bbox 403 3160 533 3240; x_wconf 85' lang='lat' dir='ltr'>solvit.</span> <span class='ocrx_word' id='word_1_107' title='bbox 592 3159 855 3242; x_wconf 82' lang='lat' dir='ltr'>Ventriculus</span> <span class='ocrx_word' id='word_1_108' title='bbox 879 3159 973 3240; x_wconf 87' lang='lat' dir='ltr'>cibo</span> <span class='ocrx_word' id='word_1_109' title='bbox 1003 3158 1175 3265; x_wconf 87' lang='lat' dir='ltr'>repletus</span> <span class='ocrx_word' id='word_1_110' title='bbox 1191 3158 1338 3264; x_wconf 86' lang='lat' dir='ltr'>saepius</span> 
     </span>
     <span class='ocr_line' id='line_1_21' title="bbox 293 3295 1337 3404; baseline 0.006 -28"><span class='ocrx_word' id='word_1_111' title='bbox 293 3297 443 3398; x_wconf 89' lang='lat' dir='ltr'>obfuit,</span> <span class='ocrx_word' id='word_1_112' title='bbox 462 3297 670 3380; x_wconf 87' lang='lat' dir='ltr'>interdum</span> <span class='ocrx_word' id='word_1_113' title='bbox 683 3319 821 3382; x_wconf 87' lang='lat' dir='ltr'>tamen</span> <span class='ocrx_word' id='word_1_114' title='bbox 829 3295 950 3404; x_wconf 84' lang='lat' dir='ltr'>juvit</span> <span class='ocrx_word' id='word_1_115' title='bbox 1000 3295 1158 3378; x_wconf 92' lang='lat' dir='ltr'>Oborto</span> <span class='ocrx_word' id='word_1_116' title='bbox 1172 3295 1337 3402; x_wconf 82' lang='lat' dir='ltr'>pituitae</span> 
     </span>
     <span class='ocr_line' id='line_1_22' title="bbox 292 3431 1338 3535; baseline 0.001 -22"><span class='ocrx_word' id='word_1_117' title='bbox 292 3459 416 3514; x_wconf 89' lang='lat' dir='ltr'>cursu</span> <span class='ocrx_word' id='word_1_118' title='bbox 435 3433 609 3535; x_wconf 88' lang='lat' dir='ltr'>assiduo,</span> <span class='ocrx_word' id='word_1_119' title='bbox 627 3455 698 3516; x_wconf 88' lang='lat' dir='ltr'>aut</span> <span class='ocrx_word' id='word_1_120' title='bbox 711 3456 871 3516; x_wconf 89' lang='lat' dir='ltr'>tumore</span> <span class='ocrx_word' id='word_1_121' title='bbox 886 3433 931 3514; x_wconf 92' lang='lat' dir='ltr'>in</span> <span class='ocrx_word' id='word_1_122' title='bbox 950 3431 1119 3514; x_wconf 84' lang='lat' dir='ltr'>armbus</span> <span class='ocrx_word' id='word_1_123' title='bbox 1131 3431 1338 3515; x_wconf 85' lang='lat' dir='ltr'>inferiori-</span> 
     </span>
    </p>
   </div>
   <div class='ocr_carea' id='block_1_3' title="bbox 162 3571 1336 3680">
    <p class='ocr_par' dir='ltr' id='par_1_4' title="bbox 162 3571 1336 3680">
     <span class='ocr_line' id='line_1_23' title="bbox 162 3571 1336 3680; baseline -0.003 -24"><span class='ocrx_word' id='word_1_124' title='bbox 162 3625 169 3636; x_wconf 55' lang='grc' dir='ltr'><em>ι</em></span> <span class='ocrx_word' id='word_1_125' title='bbox 291 3571 370 3656; x_wconf 88' lang='lat' dir='ltr'>bus</span> <span class='ocrx_word' id='word_1_126' title='bbox 400 3593 560 3677; x_wconf 88' lang='lat' dir='ltr'>repente</span> <span class='ocrx_word' id='word_1_127' title='bbox 578 3572 700 3673; x_wconf 87' lang='lat' dir='ltr'>facto,</span> <span class='ocrx_word' id='word_1_128' title='bbox 727 3571 899 3680; x_wconf 86' lang='lat' dir='ltr'>quidam</span> <span class='ocrx_word' id='word_1_129' title='bbox 917 3571 969 3652; x_wconf 89' lang='lat' dir='ltr'>ab</span> <span class='ocrx_word' id='word_1_130' title='bbox 998 3571 1173 3652; x_wconf 82' lang='lat' dir='ltr'>instante</span> <span class='ocrx_word' id='word_1_131' title='bbox 1201 3595 1336 3653; x_wconf 91' lang='lat' dir='ltr'>morte</span> 
     </span>
    </p>
   </div>
   <div class='ocr_carea' id='block_1_4' title="bbox 290 3707 1336 3953">
    <p class='ocr_par' dir='ltr' id='par_1_5' title="bbox 290 3707 1336 3953">
     <span class='ocr_line' id='line_1_24' title="bbox 290 3707 1335 3816; baseline 0.001 -26"><span class='ocrx_word' id='word_1_132' title='bbox 290 3709 416 3815; x_wconf 88' lang='lat' dir='ltr'>erepti</span> <span class='ocrx_word' id='word_1_133' title='bbox 435 3731 542 3792; x_wconf 82' lang='lat' dir='ltr'>sunt</span> <span class='ocrx_word' id='word_1_134' title='bbox 600 3709 895 3792; x_wconf 88' lang='lat' dir='ltr'>Destillationes</span> <span class='ocrx_word' id='word_1_135' title='bbox 924 3708 1113 3816; x_wconf 82' lang='lat' dir='ltr'>copiosae,</span> <span class='ocrx_word' id='word_1_136' title='bbox 1140 3707 1244 3790; x_wconf 89' lang='lat' dir='ltr'>etin</span> <span class='ocrx_word' id='word_1_137' title='bbox 1273 3735 1335 3792; x_wconf 86' lang='lat' dir='ltr'>se·</span> 
     </span>
     <span class='ocr_line' id='line_1_25' title="bbox 291 3843 1336 3953; baseline 0.004 -27"><span class='ocrx_word' id='word_1_138' title='bbox 291 3846 476 3928; x_wconf 91' lang='lat' dir='ltr'>nioribus</span> <span class='ocrx_word' id='word_1_139' title='bbox 490 3867 606 3953; x_wconf 89' lang='lat' dir='ltr'>sputa</span> <span class='ocrx_word' id='word_1_140' title='bbox 618 3869 797 3947; x_wconf 81' lang='lat' dir='ltr'>cruenta,</span> <span class='ocrx_word' id='word_1_141' title='bbox 808 3843 1078 3928; x_wconf 89' lang='lat' dir='ltr'>inflammatio</span> <span class='ocrx_word' id='word_1_142' title='bbox 1089 3845 1217 3934; x_wconf 86' lang='lat' dir='ltr'>cruris</span> <span class='ocrx_word' id='word_1_143' title='bbox 1229 3845 1336 3930; x_wconf 85' lang='lat' dir='ltr'>desi·</span> 
     </span>
    </p>
   </div>
   <div class='ocr_carea' id='block_1_5' title="bbox 289 3981 1496 4092">
    <p class='ocr_par' dir='ltr' id='par_1_6' title="bbox 289 3981 1496 4092">
     <span class='ocr_line' id='line_1_26' title="bbox 289 3981 1496 4092; baseline 0.002 -30"><span class='ocrx_word' id='word_1_144' title='bbox 289 4009 389 4063; x_wconf 87' lang='lat' dir='ltr'>nens</span> <span class='ocrx_word' id='word_1_145' title='bbox 402 3983 447 4062; x_wconf 91' lang='lat' dir='ltr'>in</span> <span class='ocrx_word' id='word_1_146' title='bbox 461 3982 811 4082; x_wconf 86' lang='lat' dir='ltr'>exulcerationem,</span> <span class='ocrx_word' id='word_1_147' title='bbox 829 3982 1021 4092; x_wconf 81' lang='lat' dir='ltr'>paralysis</span> <span class='ocrx_word' id='word_1_148' title='bbox 1034 3981 1334 4089; x_wconf 85' lang='lat' dir='ltr'>superveniens,</span> <span class='ocrx_word' id='word_1_149' title='bbox 1408 4051 1411 4063; x_wconf 93' lang='lat'>.</span> <span class='ocrx_word' id='word_1_150' title='bbox 1495 4031 1496 4049; x_wconf 46' lang='grc' dir='ltr'>ι</span> 
     </span>
    </p>
   </div>
   <div class='ocr_carea' id='block_1_6' title="bbox 288 4117 1338 4504">
    <p class='ocr_par' dir='ltr' id='par_1_7' title="bbox 288 4117 1338 4504">
     <span class='ocr_line' id='line_1_27' title="bbox 288 4117 1338 4221; baseline 0.001 -21"><span class='ocrx_word' id='word_1_151' title='bbox 288 4119 446 4202; x_wconf 89' lang='lat' dir='ltr'>dolores</span> <span class='ocrx_word' id='word_1_152' title='bbox 465 4119 679 4202; x_wconf 82' lang='lat' dir='ltr'>ventriculi</span> <span class='ocrx_word' id='word_1_153' title='bbox 697 4141 738 4202; x_wconf 92' lang='lat' dir='ltr'>et</span> <span class='ocrx_word' id='word_1_154' title='bbox 756 4141 936 4221; x_wconf 84' lang='lat' dir='ltr'>artuum,</span> <span class='ocrx_word' id='word_1_155' title='bbox 954 4119 1058 4201; x_wconf 87' lang='lat' dir='ltr'>cutis</span> <span class='ocrx_word' id='word_1_156' title='bbox 1078 4117 1190 4219; x_wconf 87' lang='lat' dir='ltr'>vitia,</span> <span class='ocrx_word' id='word_1_157' title='bbox 1207 4139 1248 4200; x_wconf 87' lang='lat' dir='ltr'>et</span> <span class='ocrx_word' id='word_1_158' title='bbox 1266 4117 1338 4202; x_wconf 57' lang='lat' dir='ltr'>ac*</span> 
     </span>
     <span class='ocr_line' id='line_1_28' title="bbox 288 4254 1337 4366; baseline 0.003 -28"><span class='ocrx_word' id='word_1_159' title='bbox 288 4258 413 4338; x_wconf 86' lang='lat' dir='ltr'>cessio</span> <span class='ocrx_word' id='word_1_160' title='bbox 433 4257 634 4366; x_wconf 77' lang='lat' dir='ltr'>podagrae,</span> <span class='ocrx_word' id='word_1_161' title='bbox 652 4257 813 4366; x_wconf 87' lang='lat' dir='ltr'>spiritui</span> <span class='ocrx_word' id='word_1_162' title='bbox 827 4254 983 4340; x_wconf 87' lang='lat' dir='ltr'>difficili</span> <span class='ocrx_word' id='word_1_163' title='bbox 1001 4255 1188 4366; x_wconf 76' lang='lat' dir='ltr'>prasidio</span> <span class='ocrx_word' id='word_1_164' title='bbox 1205 4255 1337 4341; x_wconf 87' lang='lat' dir='ltr'>fuisse&#39;</span> 
     </span>
     <span class='ocr_line' id='line_1_29' title="bbox 288 4391 1335 4504; baseline 0.007 -32"><span class='ocrx_word' id='word_1_165' title='bbox 288 4393 373 4474; x_wconf 81' lang='lat' dir='ltr'>visa</span> <span class='ocrx_word' id='word_1_166' title='bbox 392 4415 499 4478; x_wconf 87' lang='lat' dir='ltr'>sunt.</span> <span class='ocrx_word' id='word_1_167' title='bbox 556 4396 730 4498; x_wconf 80' lang='lat' dir='ltr'>Verum,</span> <span class='ocrx_word' id='word_1_168' title='bbox 756 4415 805 4478; x_wconf 92' lang='lat' dir='ltr'>ut</span> <span class='ocrx_word' id='word_1_169' title='bbox 823 4392 928 4478; x_wconf 86' lang='lat' dir='ltr'>nihil</span> <span class='ocrx_word' id='word_1_170' title='bbox 946 4414 1005 4478; x_wconf 88' lang='lat' dir='ltr'>est</span> <span class='ocrx_word' id='word_1_171' title='bbox 1022 4414 1266 4504; x_wconf 83' lang='lat' dir='ltr'>perpetuum</span> <span class='ocrx_word' id='word_1_172' title='bbox 1283 4391 1335 4490; x_wconf 76' lang='lat' dir='ltr'>in</span> 
     </span>
    </p>
   </div>
   <div class='ocr_carea' id='block_1_7' title="bbox 0 0 1512 5076">
    <p class='ocr_par' dir='ltr' id='par_1_8' title="bbox 0 0 1512 5076">
     <span class='ocr_line' id='line_1_30' title="bbox 0 0 1512 5076; baseline 0 5"><span class='ocrx_word' id='word_1_173' title='bbox 0 0 1512 5076; x_wconf 95' lang='lat' dir='ltr'> </span> 
     </span>
    </p>
   </div>
  </div>
 </body>
</html>
