3016 5076
487 923 600 1007 tum
619 931 896 1006 ulumssinio

282 1157 703 1274 GEORGIO
765 1169 1104 1278 TERTIO

481 1423 545 1482 oue
563 1411 693 1472 seem
710 1429 908 1472 tununensis

191 1617 513 1713 nummulus
528 1623 832 1714 nnnunnuu
853 1635 1125 1714 GULIELMI
1144 1639 1186 1716 s.

580 1873 803 1946 sunctum

173 2245 488 2372 Convideaiu,
501 2269 594 2356 Rex
605 2269 804 2372 maxime,
817 2271 1007 2355 omnium
1018 2273 1211 2386 gentium

173 2411 321 2495 oculos
340 2410 384 2492 in
398 2405 461 2490 Te
475 2413 629 2508 versos,
649 2409 805 2520 quires
822 2403 1212 2492 Britannicasdiffi-

175 2547 345 2632 cillimis
364 2547 629 2657 temporibus
644 2547 770 2628 armis
786 2545 1029 2644 defendisti,
1046 2545 1213 2657 legibus

168 2681 425 2779 sustinuisti,
440 2681 669 2775 virtutibus
685 2681 863 2782 ornasti5
893 2681 969 2790 qui
984 2709 1071 2766 non
1084 2682 1215 2766 modo

173 2817 489 2929 rempublicam
518 2827 720 2916 nostram,
740 2815 814 2900 sed
842 2815 960 2926 quod
981 2815 1092 2899 ultra
1111 2817 1214 2902 fines

175 2953 363 3066 Europae
393 2955 523 3037 situm
549 2965 626 3052 est,
655 2953 851 3036 maximis
879 2953 1076 3064 periculis
1106 2953 1213 3038 libe·-

173 3091 301 3184 tusti3
330 3117 441 3203 pene
461 3117 531 3172 me
550 3089 687 3202 pudet
703 3087 805 3172 huic
824 3087 943 3200 operi
964 3099 1131 3170 tontum
1150 3087 1214 3171 in·

173 3249 348 3314 vocasse
367 3227 614 3311 Patronum.

228 3361 311 3448 Sed
327 3391 396 3446 me
407 3363 581 3476 impulit
591 3389 690 3452 cum
701 3361 895 3446 defuncti
908 3359 1044 3444 Patris
1054 3387 1215 3446 memo·

173 3499 251 3601 ria,
270 3511 363 3584 tum
384 3511 589 3586 consueto
607 3511 685 3582 tua
704 3499 957 3612 benignitas,
978 3509 1028 3582 ut
1042 3511 1215 3611 expete·

172 3665 263 3721 rem
276 3635 353 3738 Te,
373 3639 450 3748 qui
465 3665 631 3720 summa
651 3661 819 3748 semper
838 3635 1137 3719 benevolentia
1155 3637 1217 3720 vi·

172 3801 277 3859 vum
289 3801 535 3894 exceperas,
555 3773 631 3886 qui
648 3773 793 3858 favore
811 3773 1025 3873 affecerm,
1055 3769 1218 3858 benefi-

175 3910 253 3998 ciis
265 3939 458 4011 auxerat,
469 3911 627 3996 mortui
640 3938 816 4022 quoque
829 3911 955 3995 famae
968 3911 1058 3994 fore
1070 3911 1217 3996 defen·

173 4027 325 4134 sorem.
385 4047 517 4148 Quod
537 4047 740 4164 equidem
758 4049 916 4134 confidi
930 4047 992 4132 Te
1010 4077 1062 4134 eo
1078 4051 1216 4134 liben-

173 4187 602 4287 uusessefuctumm
623 4187 728 4300 quia
740 4187 977 4301 cognovisti
996 4217 1096 4272 eum
1107 4188 1216 4278 doc·

173 4325 285 4408 trina
301 4324 467 4413 liberali
486 4337 531 4410 ct
549 4323 711 4410 virtute
737 4307 865 4410 fuisse
885 4326 1213 4448 omatissimum
