3050 5084
794 556 900 668 sss

751 927 860 1012 Cur.
880 925 949 1016 st.

596 1115 667 1202 De
689 1113 910 1198 Ventriculi
928 1109 1110 1204 Morbis;

292 1245 298 1252 ’
404 1327 408 1342 ,
534 1265 575 1336 et
587 1252 718 1364 primo
734 1253 783 1333 dc
801 1251 959 1334 Ardere
979 1262 1020 1332 et
1038 1251 1180 1334 Acon.

394 1439 558 1522 Nonus
579 1433 757 1544 corporis
776 1461 868 1543 pars
896 1432 1041 1542 saepius
1060 1431 1230 1535 laborat,
1251 1457 1380 1546 qnam

337 1575 597 1660 ventriculus.
654 1575 776 1656 Unus
794 1599 843 1653 ex
861 1571 946 1680 ejus
965 1571 1135 1672 morbis,
1158 1570 1274 1680 isque
1293 1595 1380 1652 non

342 1713 555 1812 minimus,
572 1731 633 1794 est
660 1735 754 1792 acor
782 1708 835 1790 ad
862 1735 907 1792 os
937 1733 1171 1816 assurgens:
1201 1707 1269 1790 rui
1298 1705 1383 1788 fere

343 1849 541 1940 accedunt
558 1875 719 1949 nausea,
737 1867 778 1928 et
795 1845 989 1948 vomitus,
1016 1845 1146 1947 dolor,
1159 1873 1231 1928 seu
1244 1844 1384 1954 potius

343 2013 486 2096 angor,
514 2013 652 2068 sensus
681 1982 903 2092 gravitatis,
934 1981 1132 2091 cupiditas
1151 1981 1234 2066 cibi
1258 1979 1385 2062 modo

346 2121 522 2210 naturali
558 2121 701 2230 major,
729 2119 854 2202 modo
886 2119 1012 2220 nulls,
1038 2113 1209 2220 inflatio,
1246 2117 1385 2228 cepitis

346 2261 477 2360 dolor,
491 2259 661 2366 pituita3
690 2257 867 2366 denique
880 2257 955 2366 qui
973 2253 1052 2338 hoc
1065 2255 1166 2338 vitio
1184 2277 1386 2356 tenentur,

213 2393 215 2398 ’
349 2425 453 2506 serpe
470 2394 917 2503 expergiscunturcum
935 2412 1095 2476 terrore.

407 2535 451 2618 Si
469 2531 669 2616 chemicos
684 2530 912 2632 audiamus,
925 2527 1029 2610 nihil
1043 2527 1205 2612 videtur
1218 2527 1389 2630 facilius,

351 2697 480 2780 quam
511 2667 676 2750 acidum
712 2665 910 2774 corrigere
930 2685 982 2746 ‘et
1018 2659 1265 2772 extinguere,
1291 2691 1387 2748 cum

351 2827 537 2918 promtus
550 2803 602 2886 ad
620 2803 662 2884 id
677 2803 809 2884 aditus
824 2823 896 2902 est,
910 2801 967 2882 ita
983 2822 1032 2882 ut
1042 2799 1092 2900 ei,
1110 2799 1388 2912 quodcunque

353 2941 522 3024 libitum
537 2938 676 3041 fuerit,
696 2940 811 3021 liceat
828 2937 1007 3046 adjicere.
1065 2937 1225 3020 Verum
1243 2959 1393 3020 stoma*

355 3077 457 3162 chus
475 3077 608 3186 vivus,
634 3098 675 3158 et
692 3103 761 3157 vas
790 3049 1064 3156 inanimatum
1091 3073 1191 3156 adeo
1217 3073 1325 3158 inter
1350 3099 1391 3157 se

356 3214 522 3316 distant,
547 3235 596 3295 ut
625 3211 740 3321 quod
766 3209 937 3293 chemici
970 3231 1117 3318 putant
1144 3239 1227 3314 esse
1252 3211 1393 3297 ferilli·

360 3379 492 3454 mum,
528 3347 676 3430 medici
712 3346 920 3429 interdum
960 3347 1264 3455 deprehendant
1308 3347 1394 3432 fieri

361 3512 525 3596 prorsus
536 3511 623 3567 non
633 3505 758 3592 posse.
793 3483 915 3565 Unde
929 3485 1075 3588 evenit,
1085 3505 1135 3566 ut
1146 3483 1397 3593 quidnmpet

363 3649 490 3704 annos
502 3619 787 3728 vigintivexsti
797 3619 950 3720 fuerint
960 3619 1297 3704 accrevennieuli
1307 3623 1398 3712 nul·

362 3759 412 3842 lis
440 3757 625 3842 remediis
644 3755 818 3840 cedente.
875 3759 999 3865 Aqua
1025 3755 1155 3856 calcis,
1182 3757 1399 3866 mag-nscia,

364 3893 539 4007 pulvise
567 3894 676 3976 testis
705 3891 892 4002 piscium,
919 3915 959 3974 et
985 3893 1083 3974 sales
1102 3892 1272 3996 alcnlini,
1300 3920 1400 4004 sape

366 4032 471 4126 votis
486 4057 689 4140 aegrorum
707 4057 854 4138 parum
868 4029 1173 4138 responderunt¹

422 4169 518 4276 Lac,
535 4169 637 4270 olus,
663 4167 803 4276 pisces,
830 4165 999 4278 pinguia
1017 4169 1169 4270 omnin,
1194 4189 1236 4254 et
1253 4171 1402 4256 venui·

369 4307 485 4392 culus
522 4305 616 4390 cibo
653 4328 838 4408 onustus,
873 4303 1049 4406 maxime
1095 4303 1130 4388 si
1163 4303 1290 4390 homo
1327 4329 1401 4396 ste-2

370 4445 447 4548 tim
474 4471 500 4544 s
525 4443 645 4575 plens
671 4467 812 4548 mense
838 4440 1088 4566 exercitetur,
1114 4442 1230 4546 eride
1255 4444 1402 4532 venui·
