3050 5084
752 415 855 520 408

336 627 470 712 Urina
482 626 625 710 coloris
636 625 752 709 lactei
762 625 845 708 fuit
855 626 901 707 in
911 649 1097 734 prostatae
1110 627 1279 729 morbis,
1288 651 1331 713 et

284 767 329 848 in
341 765 607 874 aliis-quoque
620 763 1328 872 casibus,adjecto,utvidetunpure.

341 905 468 984 Multi
487 904 618 1012 multa
637 903 867 1010 loquuntur
886 901 937 982 de
955 901 1145 986 facultate
1173 904 1333 1012 corpori

285 1033 446 1122 tributa‘
458 1037 693 1122 resorbendi
712 1067 789 1148 pus
808 1066 856 1118 ex
875 1039 1079 1121 ulceribus
1100 1039 1264 1140 dissitis,
1290 1062 1332 1121 et

285 1177 554 1260 transferendi
565 1177 609 1256 in
621 1203 745 1258 renes.
795 1175 925 1258 Semel
940 1199 1102 1260 tantum
1117 1177 1222 1258 mihi
1236 1207 1332 1260 con-

286 1316 380 1423 tigit
398 1316 533 1397 videre
548 1314 704 1424 aliquid
724 1313 963 1420 hujusmodi
983 1314 1027 1395 in
1037 1315 1201 1421 juvene,
1215 1317 1331 1424 cujus

285 1452 447 1534 tonsilla
465 1449 719 1533 inflammata
747 1450 893 1551 fuerat,
911 1473 952 1532 et
968 1451 1064 1533 dein
1077 1477 1333 1560 suppurave-

287 1612 359 1672 rat.
409 1595 481 1672 Per
493 1591 679 1672 triduum
695 1590 806 1670 enim
822 1589 1032 1698 quoddam
1045 1587 1091 1670 in
1104 1591 1225 1672 urina
1236 1593 1335 1674 sub·

287 1727 444 1810 ridebat
455 1729 549 1836 puri
560 1727 709 1828 simile3
729 1749 852 1836 rupto
864 1755 958 1808 vero
971 1728 1170 1828 abscessu,
1181 1752 1222 1810 et
1232 1757 1333 1836 pure

218 1909 221 1915 ·
287 1863 430 1965 effuso,
449 1867 716 1972 purulentum
735 1865 813 1946 hoc
841 1865 886 1944 in
901 1865 1021 1946 urina
1039 1894 1126 1948 non
1156 1867 1331 1974 amplius

290 1997 624 2110 conspiciebatur.
646 2000 651 2004 ’

345 2141 395 2222 In
413 2139 635 2240 nonnullis,
654 2138 728 2248 qui
742 2139 983 2220 valetudini-s
999 2161 1113 2222 erant
1132 2167 1333 2248 conquas-

291 2299 399 2379 sata,
417 2305 461 2359 ac
481 2277 659 2384 perdi'tae,
677 2277 798 2356 urina
816 2305 1034 2384 nunquam
1053 2277 1167 2358 reddi
1186 2277 1335 2384 potuit,

294 2416 399 2526 quin
418 2415 557 2506 statim
584 2413 779 2500 incideret
798 2399 910 2495 haud
928 2415 1141 2496 mediocris
1161 2413 1334 2522 languor

291 2581 390 2636 cum
410 2579 569 2634 nausea.
941 2531 943 2536 ’

347 2690 476 2771 Ulcus
495 2683 601 2770 uteri
624 2715 725 2794 saepe
744 2689 859 2806 viam¹
871 2685 950 2768 sibi
968 2687 1066 2768 facit
1084 2687 1128 2768 in
1148 2687 1336 2789 vesicam,

292 2849 333 2910 et
360 2827 405 2908 in
424 2825 680 2926 intestinum,
708 2825 808 2908 adeo
826 2847 875 2906 ut
903 2824 1082 2930 spiritus,
1113 2847 1152 2906 et
1172 2849 1337 2926 stercus,

291 2963 416 3045 simul
435 2991 531 3044 cum
560 2963 679 3043 urina
697 2983 848 3048 exeant.
907 2961 1021 3041 Idem
1040 2961 1136 3042 viris
1164 2963 1335 3069 contigit

292 3093 345 3181 ab
365 3101 496 3183 ulcere
525 3121 720 3206 prostatae.
780 3099 910 3180 Semel
930 3098 1034 3178 mihi
1060 3099 1236 3206 suspicio
1254 3099 1335 3182 fuit

292 3239 433 3320 alvum
452 3237 704 3344 pertinaciter
725 3237 903 3318 clausam
931 3235 974 3315 id
994 3235 1181 3338 effecisse,
1199 3259 1247 3336 ut
1266 3266 1336 3346 pa·

292 3373 369 3456 ries
388 3375 494 3454 inter
513 3375 754 3456 intestinum
772 3397 812 3455 et
830 3362 1004 3456 vesicam
1023 3397 1156 3480 ageret
1174 3375 1337 3476 rimam,

292 3533 333 3594 et
352 3511 527 3603 similem
546 3512 816 3592 calamitatem
830 3511 1007 3594 inferret.
1256 3515 1257 3520 ‘

349 3649 536 3729 Calculus
567 3649 720 3750 vesicae,
753 3649 922 3730 morbus
954 3669 1153 3756 prostatae,
1182 3645 1334 3756 proflu-

293 3761 411 3868 vium
426 3787 581 3886 album,
600 3787 765 3868 abortus
786 3787 930 3887 crebri,
944 3809 984 3868 et
1003 3809 1122 3894 potus
1139 3813 1226 3868 acer
1245 3786 1348 3900 ἰπὶ-Ι

292 3948 480 4032 tansque,
489 3924 693 4030 insignem
703 3923 831 4004 urinae
848 3925 1035 4006 ardorem
1048 3926 1333 4024 excitaverunt,

292 4057 624 4172 ubi-nullus'fuit
643 4063 753 4144 locus
774 4061 1016 4170 suspicando
1036 4063 1234 4146 morbum
1254 4063 1334 4145 Ve-

292 4227 473 4284 nereum.
