3050 5084
621 489 723 602 387

366 829 371 840 '
518 909 522 917 ,
568 829 676 916 Gar.
698 836 766 918 96.

281 1005 350 1102 De
373 1007 539 1100 Variolia
557 1015 747 1146 Pusillis:
777 1045 845 1098 nos
875 1043 1060 1100 vocamus

473 1151 555 1234 Tre
573 1147 872 1236 Clicken-Poc.

54 1355 57 1360 '
202 1329 436 1422 Vnnrom
463 1333 617 1446 pusillas
643 1334 700 1430 in¹
719 1329 970 1448 quibusdam
999 1335 1190 1420 oriuntur

152 1466 237 1557 sine
254 1473 381 1580 febre,
399 1499 470 1560 sut
488 1477 572 1560 ullo
595 1469 711 1586 signo
730 1477 1012 1576 antecedente3
1041 1475 1086 1554 in
1105 1471 1190 1554 aliis

148 1605 200 1694 fit
214 1610 313 1696 levis
328 1612 486 1714 horror,
503 1613 711 1716 lassitudo,
729 1613 880 1722 vigilia,
908 1607 1066 1695 dolores
1086 1597 1194 1713 vagi,

109 1848 112 1854 Ι
149 1740 367 1834 festidium
396 1749 494 1852 cibi,
518 1771 559 1834 et
591 1744 780 1862 quaedam
809 1741 1032 1850 febricula;
1060 1741 1191 1828 rarius
1237 1737 1240 1744 ’
1312 1841 1314 1851 ¹

150 1875 269 1968 dolor
286 1886 410 1990 dorsi,
433 1881 735 1986 lumborumve,
756 1909 827 1969 aut
845 1879 1036 1968 vomitus.
1094 1881 1194 1992 Pus·

150 2023 245 2106 tulae
260 2023 403 2132 primae
416 2023 500 2107 fere
513 2023 820 2134 conspiciuntur
839 2026 884 2108 in
902 2017 1035 2106 dorso.

206 2159 258 2242 In
287 2159 431 2244 eodem
463 2189 570 2270 aegro
597 2161 717 2246 variae
747 2184 844 2244 sunt
872 2153 1192 2268 magnitudinis:

148 2300 353 2406 pleraeque
389 2297 542 2384 habent
577 2299 760 2397 eandem,
780 2309 783 2316 ’
800 2327 845 2382 ac
877 2297 1037 2379 variolae
1075 2319 1192 2388 verae,

151 2435 307 2542 quibus
335 2433 454 2518 initio
472 2463 635 2544 prorsus
666 2436 815 2518 similes
835 2457 956 2536 sunt;
985 2427 1192 2514 nonnullae

151 2569 410 2658 hisminores
429 2593 536 2656 sunt.
594 2575 822 2680 Nunquam
836 2601 899 2654 eas
915 2567 1029 2651 valde
1048 2593 1194 2648 nume-

151 2733 263 2810 rosae
281 2706 382 2810 vidi,
408 2708 564 2792 nedum
582 2701 840 2812 confluentes.
898 2705 981 2788 Vix
1005 2731 1195 2814 unquam

149 2845 368 2928 numeravi
398 2847 504 2928 ultra
533 2845 751 2930 duodecim
778 2843 960 2946 insede,
988 2867 1060 2926 aut
1087 2839 1195 2924 ultra

150 2983 347 3068 ducentas
362 3009 528 3092 corpore
546 2981 747 3066 universo.
886 3083 891 3090 .
1209 3087 1217 3104 ἡ

207 3121 413 3230 Principio
424 3121 558 3204 rubrae
570 3143 684 3224 sunt,
713 3117 1195 3229 postridieinplerarum-

1183 1009 1194 1068 l

149 3287 234 3370 que
258 3257 440 3366 apicibus
466 3257 610 3365 exigua
627 3258 802 3340 vesicula
829 3279 901 3357 est,
930 3256 982 3336 ad
1002 3251 1106 3334 milii
1135 3280 1195 3333 se·
1266 3235 1271 3246 ’
1335 3311 1338 3316 .

149 3393 626 3502 minirmagnitudinem,
636 3393 754 3502 plena
762 3393 935 3476 humore
947 3393 1195 3502 modosquae
1260 3481 1263 3488 ,

125 3579 131 3590 ·
151 3533 293 3634 simili,
320 3531 445 3616 modo
464 3527 585 3632 flavo,
615 3531 690 3641 qui
708 3529 939 3614 continetur
957 3531 1063 3612 inter
1092 3531 1195 3612 cuti-

21 3681 27 3700 '
150 3669 291 3758 culum
304 3689 346 3750 et
359 3691 495 3750 cutem
505 3693 654 3752 veram.
699 3669 748 3748 ln
759 3665 1011 3776 quibusdam
1022 3667 1195 3776 pustulis

150 3809 249 3918 plus
262 3807 448 3890 humoris
464 3804 614 3908 subest,
628 3805 703 3914 qui
721 3805 931 3889 interdum
950 3799 1140 3903 flavescit,
1156 3829 1197 3888 et

146 3971 233 4055 pus
252 3941 389 4044 refert,
400 3943 499 4024 adeo
517 3963 567 4024 ut
584 3941 776 4044 secundo,
794 3939 859 4024 vel
872 3963 978 4028 certe
999 3941 1116 4024 tertio
1130 3941 1197 4024 die

153 4081 208 4166 ab
227 4079 341 4162 exitu
359 4080 630 4186 pustularum,
651 4077 892 4162 hae“variolae
912 4077 1126 4160 videantur
1145 4079 1198 4162 ad

153 4221 436 4303 maturitatem
454 4220 703 4327 pervenisse3
731 4239 773 4301 et
791 4245 883 4327 quae
898 4217 1071 4300 humore
1090 4215 1198 4301 flavo

152 4355 336 4442 maxime
349 4377 530 4466 turgent,
542 4381 706 4466 prorsus
717 4349 812 4442 tales
826 4377 936 4462 sunt,
947 4355 1084 4470 quales
1096 4381 1198 4439 verae

622 4517 646 4576 2
667 4517 734 4578 c2
