3104 5084
706 517 806 609 285

236 718 349 820 oriri,
362 719 516 802 ratione
531 719 698 827 periculi
713 723 894 806 multum
912 721 1018 806 inter
1035 715 1275 828 'sediversis
1390 797 1394 806 .

237 855 324 938 Ubi
335 857 521 938 remediis
537 855 648 940 locus
664 881 737 960 est,
748 887 796 942 es
814 881 911 942 sunt
928 859 1171 961 adhibenda,
1185 889 1277 968 quae

236 993 487 1076 conveniunt
500 993 710 1078 affectibus
722 995 1107 1106 hypochondriacis:
1131 1025 1278 1082 verum

237 1131 445 1237 palpitatio
463 1131 594 1213 cordis
614 1134 855 1240 plerumque
880 1155 940 1216 est
958 1133 1202 1234 istiusmodi,
1229 1155 1277 1216 ut

237 1267 301 1348 rel
332 1268 490 1350 nullam
517 1268 764 1352 medicinam
797 1271 985 1378 postulet,
1013 1271 1076 1352 vel
1109 1297 1277 1368 omnem

238 1403 382 1488 vincat·

553 1571 957 1620 tm

576 1856 579 1862 ¹
660 1751 766 1834 Cur.
787 1757 858 1834 69,

462 1905 530 1998 De
551 1915 740 2028 Purulpsi
758 1929 797 1998 et
817 1915 1053 2030 Apoplest'a.
1093 1945 1099 1954 ·

295 2079 549 2182 Psusnrsrs
566 2099 607 2164 et
620 2078 827 2184 apoplexia
840 2101 937 2165 sunt
948 2101 1111 2165 tantum
1129 2079 1277 2186 diversi

237 2215 388 2324 gradus
411 2215 591 2324 ejusdem
616 2214 763 2302 morbi.
823 2215 1038 2328 Quicquid
1065 2211 1278 2304 homiuem
1405 2307 1410 2327 ,

239 2375 401 2461 repente
431 2353 580 2438 oceidit
606 2352 691 2436 sius
710 2379 831 2436 causa
854 2353 1081 2456 manifesta,
1111 2379 1278 2442 vocatur

239 2493 364 2599 vulgo
382 2491 611 2599 apoplexia3
640 2517 881 2598 quanquam
900 2515 1009 2574 mors
1022 2493 1156 2578 subita
1175 2521 1285 2602 sape-

238 2629 347 2713 illata
356 2627 481 2712 fuerit
491 2625 711 2712 ab‘arteriis
725 2649 797 2712 aut
806 2628 919 2712 venis
930 2627 1041 2712 intus
1055 2629 1277 2740 incorpore
1383 2731 1388 2740 ἱ
1511 2674 1515 2683 ·

239 2765 395 2874 ruptis}
424 2767 488 2848 rel
515 2764 719 2872 apituita,
742 2787 814 2850 aut
832 2791 946 2872 pure,
974 2767 1186 2872 pulmones
1216 2794 1278 2854 re·

238 2901 385 3008 plente,
412 2924 452 2986 et
479 2902 642 3009 spiritus
670 2901 754 2984 rias
788 2900 1103 3002 intercludente3
1132 2903 1195 2986 vel
1223 2903 1275 2988 ab

238 3037 324 3122 aliis
343 3036 472 3122 crusis
486 3037 765 3124 dissimillimis
777 3038 863 3146 ejus
881 3039 947 3126 cui
960 3065 1053 3122 vera
1071 3041 1277 3147 apoplexia

236 3175 422 3260 debetur.

295 3313 487 3422 Paralysis
506 3333 565 3398 est
576 3311 760 3396 debilitas
771 3309 978 3418 repentina
993 3313 1276 3400 musculorum

237 3447 392 3556 quibus
410 3449 604 3534 morendi
614 3448 782 3534 facultas
801 3448 1041 3534 continetur.
1087 3449 1230 3562 'Quod
1241 3449 1277 3534 si

237 3587 415 3670 musculi
429 3587 622 3688 universi,
640 3608 782 3694 praeter
796 3586 884 3668 illos
898 3585 972 3694 qui
986 3585 1038 3668 ad
1049 3613 1118 3670 cor
1132 3607 1173 3668 et
1187 3587 1278 3692 pul-

236 3751 379 3808 mones
395 3723 610 3832 pertinent,
624 3721 724 3808 fiant
735 3721 912 3822 inutiles,
929 3745 968 3806 et
985 3749 1122 3808 sensus
1135 3751 1276 3808 omnes

238 3861 361 3944 simul
380 3862 683 3968 extinguantur,
701 3860 871 3944 morbus
883 3859 1032 3944 dicitur
1053 3857 1278 3970 apoplexian

236 3997 354 4104 cujus
372 4025 492 4082 causa
510 3997 718 4084 interdum
728 4015 787 4079 est
801 3995 900 4080 adeo
911 4016 1067 4102 potens,
1085 4017 1134 4078 ut
1144 3993 1278 4080 cordis
1325 4095 1329 4106 ⁸

237 4161 406 4242 quoque
419 4155 460 4220 es
477 4125 683 4242 pulmonis
701 4156 865 4218 motum
884 4131 1025 4232 deleat,
1043 4153 1083 4214 et
1102 4154 1280 4218 mortem

238 4293 451 4358 momento
468 4272 660 4382 temporis
679 4291 866 4358 moestas..

255 4525 259 4534 v
294 4409 473 4498 Facultas
484 4408 760 4516 movendiper
774 4408 994 4508 musculos,
1011 4407 1095 4490 sive
1113 4405 1187 4514 qui
1208 4431 1279 4486 ro-
1352 4476 1356 4484 ,
