3002 5086
649 467 748 578 ⁶237

174 671 320 774 ritidis,
338 671 401 754 vel
420 699 579 780 pannus
607 673 832 775 calefactus,
851 697 921 756 aut
940 675 1070 758 vesica
1100 675 1218 758 semi·

175 809 293 916 plena
305 837 412 916 aqua
424 809 550 892 calida
562 813 693 892 ventri
706 811 878 892 admota.
926 813 1105 895 Affectus
1122 842 1218 895 ven-

175 946 325 1048 triculi,
344 969 383 1028 et
397 945 698 1048 intestinorum,
717 949 815 1030 adeo
831 975 901 1056 per
915 953 1054 1030 omnia
1069 953 1217 1034 similes

175 1105 285 1184 sunt,
303 1103 351 1164 ut
367 1085 566 1192 quicquid
580 1085 663 1167 fere
679 1086 805 1166 dehis
821 1087 979 1166 dictum
995 1109 1065 1186 est,
1080 1111 1152 1168 aut
1168 1089 1218 1168 de

175 1219 253 1306 illis
269 1243 406 1329 postea
417 1222 586 1323 dicetur,
598 1225 782 1331 utrisque
795 1225 941 1331 pariter
953 1226 1199 1312 convenerit.
1324 1233 1325 1236 ‘

504 1443 896 1469 Ἣ

600 1569 708 1652 Css.
730 1573 796 1652 55.

301 1732 370 1815 De
390 1731 588 1832 Isclluriu,
607 1745 647 1812 et
667 1729 920 1838 ,Diffi-cultam
945 1732 1093 1818 Uriuce.

232 1898 302 1976 AD
331 1879 759 2010 difficulta'temlurinae
791 1895 960 2001 quidam
980 1898 1065 1982 nati
1094 1919 1218 2004 atque

178 2034 260 2140 apti
279 2032 491 2132 videntum
511 2033 629 2140 eique
648 2031 816 2139 subjecti
835 2034 1003 2115 fuerunt
1018 2035 1069 2116 ab
1087 2065 1220 2145 usque

178 2169 374 2277 pueritia3
402 2169 477 2250 ubi
497 2170 634 2250 nullus
653 2169 735 2250 fuit
755 2170 865 2250 locus
885 2171 1127 2277 suspicando
1147 2192 1218 2258 aut

178 2307 483 2406 calculum‚'aut
503 2307 657 2386 malum
676 2307 907 2387 Venereum
923 2309 1094 2390 subesse.
1147 2333 1148 2336 ’

234 2443 396 2525 Pondus
416 2443 521 2524 uteri
533 2443 689 2548 gravidi
709 2445 784 2526 iter
798 2445 926 2524 urinae
946 2473 1031 2525 non
1046 2473 1136 2526 raro
1156 2446 1219 2527 in·

179 2581 385 2682 tercludit3
415 2579 530 2687 quod
554 2581 710 2660 malum
740 2582 783 2660 in
807 2581 905 2682 aliis,
934 2581 1110 2688 corporis
1137 2583 1220 2676 situ

178 2740 351 2820 mutato,
368 2717 561 2818 cessabit3
590 2719 635 2797 in
654 2717 738 2797 aliis
759 2739 907 2818 autem,
926 2720 1124 2826 praecipue
1140 2721 1218 2800 sub

178 2856 334 2938 ultimis
354 2855 603 2962 graviditatis
622 2855 844 2955 mensibus,
864 2855 983 2934 urina
1002 2883 1219 2964 nunquam

179 2993 294 3076 reddi
306 3014 436 3100 potest
451 2993 536 3074 sine
551 2993 757 3074 cathetere.
817 2991 1001 3072 Calculus
1015 2992 1136 3072 etiam
1151 3023 1218 3073 ve-

180 3131 269 3212 sicae
277 3129 654 3212 urinaminterdum
662 3129 888 3236 supprimit.
906 3129 1219 3208 MorbusVene-

179 3291 271 3348 reus
284 3268 411 3348 varias
427 3267 600 3348 urethrae
615 3293 743 3347 noxas·
754 3262 889 3364 infert,
903 3263 1014 3344 unde
1028 3291 1167 3370 graves
1180 3281 1220 3352 et

176 3405 411 3514 periculosae
439 3403 692 3485 difficultates
716 3404 843 3484 urinae
873 3403 1088 3500 oriuntur3
1118 3427 1219 3509 quas

180 3541 345 3624 candela
372 3569 473 3650 saepe
492 3543 651 3642 levatas,
679 3569 769 3622 raro
789 3563 926 3622 autem
945 3535 1100 3621 sanatas
1121 3539 1217 3620 vidi.

180 3679 282 3761 Haec
305 3677 423 3779 mala,
450 3679 529 3759 nisi
555 3677 684 3778 fallor,
711 3677 933 3759 identidem
962 3697 1096 3758 secuta
1124 3695 1221 3756 sunt

179 3817 445 3926 'gonorrhoeas
471 3843 542 3923 per
565 3815 754 3922 quaedam
775 3814 914 3896 infusa
942 3815 986 3894 in
1012 3811 1220 3894 urethram

180 3975 346 4036 sanatas.
405 3955 454 4034 Iu
470 3953 647 4060 quadam
662 3951 955 4034 adolescentula
967 3949 1144 4030 vomitus
1158 3971 1217 4028 ter

180 4091 373 4173 excitatus
386 4091 501 4173 toties
514 4090 676 4171 induxit
687 4089 917 4171 ischuriam.
949 4087 1099 4167 Mulier
1110 4113 1222 4192 quae·

182 4227 277 4310 dam
290 4251 380 4336 post
391 4250 556 4336 partum
566 4224 771 4308 difficilem
786 4253 857 4334 per
868 4223 1054 4306 triduum
1065 4249 1116 4302 ne
1128 4241 1222 4327 gut·
