3002 5086
728 485 867 597 ‘194

298 701 495 784 morbum
507 697 933 816 interdumincidunt3
961 695 1153 804 frequens
1163 692 1345 780 etiamin

299 837 475 946 gravidis
513 857 585 940 est,
614 835 682 916 sed
711 837 859 920 abortu
886 835 993 916 facto
1032 861 1129 914 mox
1157 835 1344 916 subsidit.

301 979 410 1058 Cum
438 975 515 1056 hoc
536 976 659 1054 simul
685 975 730 1054 in
755 973 1007 1082 quibusdam
1035 953 1350 1082 insolitalacry-

300 1141 465 1194 marum
479 1111 662 1217 profusio
675 1111 765 1192 fuit.
825 1113 949 1192 Nulla
961 1132 1051 1192 aetas
1065 1136 1203 1190 secura
1217 1131 1277 1190 est
1292 1109 1346 1210 ab
1439 1197 1440 1207 Ν

300 1250 379 1332 hoc
409 1248 752 1350 ma103foeminae
784 1277 892 1349 ver0‚
921 1249 1063 1354 saepius
1095 1274 1222 1354 quam
1253 1247 1350 1357 viri,

301 1387 371 1468 illo
386 1409 594 1493 urgentur.
655 1389 917 1468 Conveniunt
936 1413 1027 1494 quae
1044 1384 1185 1466 alvum
1204 1377 1353 1468 l'eniter

190 1603 200 1614 ‚
300 1545 482 1625 movent,
519 1523 766 1630 interpositis
795 1521 1099 1604 medicamentis
1130 1521 1278 1602 amaris
1306 1541 1350 1602 et

301 1659 539 1780 aromaticis.
597 1661 811 1743 Interdum
822 1662 1010 1743 cruribus
1022 1659 1157 1740 incisis
1170 1657 1347 1739 morbus

277 1785 457 1882 'solutus
487 1820 558 1880 est.
615 1799 773 1904 opium
802 1799 924 1881 etism
954 1797 1123 1906 singulis
1153 1793 1348 1878 noctibus

303 1959 505 2038 sumtum,
529 1937 663 2022 nescio
695 1966 749 2019 an
779 1933 943 2021 sudores
956 1927 958 1932 ’
971 1934 1184 2036 eliciendo,
1208 1933 1349 2044 prassi-

301 2073 371 2155 dio
390 2072 483 2154 fuit.

1127 2393 1197 2442 affl·

242 2559 245 2568 ,
353 2485 423 2568 De
443 2485 607 2592 Affectu
625 2459 986 2594 Hypocdondrs'nco
1005 2496 1044 2566 ct
1064 2457 1295 2593 Hysterico.

357 2647 604 2745 Psnsnucr,
617 2673 687 2726 seu
699 2643 831 2751 potins
841 2644 944 2724 nulii
954 2644 1184 2744 extiterunt,
1193 2642 1351 2752 quibus

195 2771 207 2794 ”
303 2782 535 2890 incognitus
547 2805 608 2864 est·
617 2781 744 2863 animi
754 2782 925 2888 languor
934 2781 1177 2882 excrucians,
1190 2781 1353 2889 quique

303 2915 390 3002 non
404 2905 623 3030 aliquando
637 2921 723 3001 sine
737 2919 819 3000 ulla
834 2919 1048 3001 manifesta
1063 2917 1182 3002 causa
1193 2919 1351 3026 experti

303 3081 400 3142 sunt
418 3089 508 3142 eam
526 3059 673 3140 mentis
694 3057 995 3158 demissionem,
1024 3085 1115 3166 quae
1135 3057 1278 3140 nubila
1308 3079 1353 3142 et

302 3197 508 3278 tristitiam
524 3197 718 3276 omnibus
734 3195 815 3276 suis
831 3195 1038 3276 laboribus
1054 3218 1094 3276 et
1112 3195 1256 3278 studiis
1269 3196 1349 3278 ob-

302 3333 430 3450 ducit,
458 3363 544 3440 spes
555 3363 656 3415 suas
675 3333 833 3440 ubique
860 3333 946 3414 fere
961 3333 1007 3414 in
1025 3333 1350 3439 desperationem

169 3469 177 3480 '
302 3493 538 3552 convertens
555 3499 640 3552 non
655 3471 740 3552 sine
752 3497 901 3576 angore
913 3469 982 3552 vix
994 3470 1202 3552 tolerabili.
1262 3471 1354 3554 Hic

166 3711 172 3722 ⁸
302 3606 430 3690 animi
448 3606 622 3688 humani
641 3629 766 3690 status
781 3607 885 3687 mihi
899 3605 1062 3689 videtur
1080 3635 1162 3688 esse
1181 3606 1226 3686 in
1246 3605 1352 3695 viris

300 3742 695 3853 hypochondriacus,
716 3744 761 3824 in
780 3745 963 3826 foeminis
983 3745 1209 3853 hystoricus
1227 3741 1354 3826 affec-

300 3903 379 3962 tus.
437 3881 525 3963 Ubi
544 3881 610 3964 hic
630 3882 726 3964 levis
746 3903 817 3982 est,
845 3904 885 3963 et
904 3882 987 3963 cito
1004 3881 1160 3981 finitur,
1188 3901 1228 3964 ct
1247 3877 1354 3960 alios

298 4001 422 4126 fugit,
449 4017 561 4100 haud
580 4019 654 4100 diu
682 4019 767 4126 ejus
790 4019 982 4100 meminit
1003 4019 1126 4100 etiam
1144 4017 1219 4126 qui
1247 4043 1353 4096 eum

298 4185 438 4264 passus
473 4180 543 4239 est.
604 4157 733 4271 Quod
771 4157 805 4238 si
842 4157 1005 4264 gravior
1043 4155 1127 4258 fiat,
1163 4175 1203 4236 et
1242 4181 1356 4262 saepe

176 4385 179 4394 Δ
299 4317 462 4410 repetat,
486 4296 644 4405 diuque
661 4317 912 4403 permaneat,
934 4295 1067 4380 nescio
1087 4319 1226 4380 annon
1248 4291 1353 4398 jure

302 4409 541 4518 numeretur
555 4433 600 4517 in
614 4434 802 4518 maximis
816 4461 917 4544 quas
927 4431 1143 4534 vitahabet
1153 4429 1354 4513 miseriis:
