3050 5084
284 610 466 693 molestia
496 609 704 692 nonnullis
728 639 798 716 per
826 631 958 692 'totam
976 609 1061 692 fere
1079 631 1237 694 aetatem
1258 609 1330 702 ad·

272 746 410 846 ,husin
468 749 582 830 Idem
600 748 727 828 homo
745 746 923 830 invicem
940 747 1066 828 modo
1092 747 1196 833 cutis
1215 748 1330 848 vitia,

286 883 411 964 modo
426 885 611 966 ardorem
623 883 820 971 stomachi
836 906 1019 992 expertus
1035 905 1104 966 esta
1122 903 1125 912 ’
1145 882 1331 994 Foemina

287 1021 489 1128 quaedam,
516 1021 619 1102 dum
639 1041 822 1102 ventrem
833 1020 968 1122 ferret,
986 1021 1220 1128 gravissime
1234 1047 1332 1102 con-

286 1156 517 1240 flictabatur
531 1187 628 1240 cum
647 1157 724 1240 hoc
743 1161 865 1260 malo,
891 1160 1080 1244 adversus
1101 1159 1334 1268 quodcum

287 1293 465 1376 remedia
495 1317 686 1376 consueta
714 1293 819 1376 nihil
851 1294 1128 1410 profeciccent,
1166 1293 1334 1380 acidum

286 1431 535 1516 vitriolicum
554 1453 755 1517 tentatum
773 1455 845 1534 est,
862 1455 903 1516 et
916 1433 1032 1516 brevi
1045 1434 1149 1516 illud
1162 1432 1327 1514 sanavit.

523 1694 595 1801 §2
619 1633 853 1778 &Dolore
871 1695 1105 1778 Ventriculi.

344 1854 704 1958 Inflammationes,
732 1855 887 1957 ccirrhi,
914 1877 955 1939 et
988 1854 1260 1938 carcinomata
1270 1854 1332 1961 je·

290 1993 452 2093 cinoris,
479 1962 608 2100 lienis,
636 2015 676 2076 et
694 1993 940 2102 pancreatis3
968 1993 1125 2075 dolores
1153 1993 1329 2101 denique

289 2139 430 2210 omnes
450 2105 516 2210 siti
549 2130 654 2212 inter
683 2151 821 2238 pectus
842 2155 881 2212 et
899 2129 1158 2230 umbilicum,
1185 2129 1330 2237 paritet

290 2266 343 2346 ad
362 2264 640 2350 ventriculum
655 2266 912 2366 referuntu13
932 2265 1007 2374 qui
1025 2293 1162 2373 porro,
1189 2287 1329 2372 praeter

290 2402 368 2484 ista
401 2404 518 2501 mala,
547 2431 638 2510 quae
670 2403 733 2506 sui
767 2403 928 2510 propria
961 2425 1069 2502 cunt,
1103 2431 1204 2510 saepe
1236 2431 1330 2484 cum

293 2538 378 2620 aliis
393 2539 533 2634 multis
554 2539 729 2646 corporis
745 2539 928 2646 partibus
947 2539 1070 2620 simul
1088 2539 1207 2621 dolet.
1256 2541 1331 2618 Ar-

293 2675 440 2774 thritis‚
467 2695 507 2756 et
524 2675 690 2756 fortasse
709 2675 1039 2776 rheumatismus,
1065 2676 1158 2782 vagi
1175 2675 1328 2758 dolores

294 2835 473 2913 artuum,
491 2833 531 2892 et
545 2811 753 2895 interdum
772 2813 845 2920 qui
864 2813 939 2894 uni
957 2815 1046 2896 loco
1061 2813 1215 2894 diutius
1230 2813 1331 2894 insea

294 2951 455 3050 derunt,
483 2950 617 3046 ulcera
645 2949 781 3048 etiam,
808 2971 848 3030 et
877 2951 980 3032 cutis
1011 2949 1123 3050 vitia,
1149 2977 1252 3057 saepe
1271 2949 1331 3030 vel

294 3087 426 3194 p'rima
451 3115 523 3169 sua
542 3088 632 3168 sede
652 3087 787 3166 relicta
805 3087 849 3166 in
868 3087 1140 3168 ventriculum
1159 3087 1331 3178 incubu-

197 3247 202 3252 ·
294 3245 427 3323 erunt,
454 3225 516 3303 vel
537 3224 641 3302 mala
661 3251 731 3302 sua
746 3251 842 3304 cum
862 3225 1085 3305 ventriculo
1104 3221 1331 3311 cummuni·

295 3367 450 3440 carunt.
509 3360 690 3465 Vertigo,
719 3383 758 3440 ct
776 3363 915 3466 capitis
934 3361 1106 3462 dolores,
1124 3388 1226 3468 caepe
1240 3359 1329 3468 qui·

295 3497 390 3576 dem
401 3497 569 3578 fuerunt
581 3525 722 3596 caucae,
734 3499 878 3603 saepius
888 3497 1056 3580 forsitan
1068 3495 1231 3580 effectus
1240 3525 1333 3578 ven·-

294 3633 431 3713 criculi
446 3633 583 3714 minus
599 3655 703 3714 recte
720 3635 896 3715 valentis.
940 3635 1058 3716 Uten'
1075 3634 1238 3718 affectus
1252 3633 1332 3718 fere

298 3797 437 3850 omnes
450 3770 674 3851 ventriculo
686 3793 852 3871 nocent;
865 3771 938 3879 qui
945 3772 1113 3878 proinde
1126 3799 1217 3854 raro
1225 3793 1335 3854 vacat

298 3907 361 3988 vel
373 3909 523 4007 dolore,
541 3908 604 3988 vel
622 3906 799 4010 fastidio,
817 3909 891 3990 ubi
909 3931 1115 3992 memtma
1131 3937 1216 3991 non
1234 3911 1334 3991 bene

299 4045 552 4153 r'espondent.
610 4043 790 4164 Affectus
813 4045 1003 4155 hysterici
1031 4069 1071 4130 et
1099 4045 1334 4158 hypothen-

301 4183 439 4284 driaci,
451 4182 667 4290 „graviores
687 4183 814 4266 animi
832 4183 1160 4292 peturbationec,'
1172 4207 1212 4306 ec
1230 4187 1334 4286 lum
