<?xml version="1.0" encoding="UTF-8"?>
<!DOCTYPE html PUBLIC "-//W3C//DTD XHTML 1.0 Transitional//EN"
    "http://www.w3.org/TR/xhtml1/DTD/xhtml1-transitional.dtd">
<html xmlns="http://www.w3.org/1999/xhtml" xml:lang="en" lang="en">
 <head>
  <title>
</title>
<meta http-equiv="Content-Type" content="text/html;charset=utf-8" />
  <meta name='ocr-system' content='tesseract 3.04.00' />
  <meta name='ocr-capabilities' content='ocr_page ocr_carea ocr_par ocr_line ocrx_word'/>
</head>
<body>
  <div class='ocr_page' id='page_1' title='image "./commentariidemo00hebegoog_0371.png"; bbox 0 0 3050 5084; ppageno 0'>
   <div class='ocr_carea' id='block_1_1' title="bbox 258 693 1402 2318">
    <p class='ocr_par' dir='ltr' id='par_1_1' title="bbox 258 693 1402 2318">
     <span class='ocr_line' id='line_1_1' title="bbox 362 693 1400 814; baseline 0.007 -32"><span class='ocrx_word' id='word_1_1' title='bbox 362 693 517 786; x_wconf 83' lang='lat' dir='ltr'>inflicta</span> <span class='ocrx_word' id='word_1_2' title='bbox 533 704 717 806; x_wconf 86' lang='lat' dir='ltr'>fuerunt,</span> <span class='ocrx_word' id='word_1_3' title='bbox 743 731 835 814; x_wconf 83' lang='lat' dir='ltr'>quae</span> <span class='ocrx_word' id='word_1_4' title='bbox 869 731 1002 812; x_wconf 87' lang='lat' dir='ltr'>neque</span> <span class='ocrx_word' id='word_1_5' title='bbox 1031 725 1155 806; x_wconf 86' lang='lat' dir='ltr'>mors,</span> <span class='ocrx_word' id='word_1_6' title='bbox 1185 727 1261 788; x_wconf 84' lang='lat' dir='ltr'>nec</span> <span class='ocrx_word' id='word_1_7' title='bbox 1291 698 1400 788; x_wconf 78' lang='lat' dir='ltr'>tabes</span> 
     </span>
     <span class='ocr_line' id='line_1_2' title="bbox 363 841 1402 948; baseline 0.005 -28"><span class='ocrx_word' id='word_1_8' title='bbox 363 863 499 921; x_wconf 89' lang='lat' dir='ltr'>secuta</span> <span class='ocrx_word' id='word_1_9' title='bbox 511 863 587 923; x_wconf 89' lang='lat' dir='ltr'>est:</span> <span class='ocrx_word' id='word_1_10' title='bbox 617 843 691 923; x_wconf 85' lang='lat' dir='ltr'>etsi</span> <span class='ocrx_word' id='word_1_11' title='bbox 705 841 837 923; x_wconf 92' lang='lat' dir='ltr'>tenuis</span> <span class='ocrx_word' id='word_1_12' title='bbox 853 842 1100 948; x_wconf 87' lang='lat' dir='ltr'>pulmonum</span> <span class='ocrx_word' id='word_1_13' title='bbox 1113 841 1280 942; x_wconf 85' lang='lat' dir='ltr'>fabrica,</span> <span class='ocrx_word' id='word_1_14' title='bbox 1289 843 1402 924; x_wconf 76' lang='lat' dir='ltr'>etin·</span> 
     </span>
     <span class='ocr_line' id='line_1_3' title="bbox 290 959 1401 1086; baseline 0.006 -33"><span class='ocrx_word' id='word_1_15' title='bbox 290 965 296 974; x_wconf 50' lang='lat'><em>⁶</em></span> <span class='ocrx_word' id='word_1_16' title='bbox 361 959 460 1081; x_wconf 83' lang='lat' dir='ltr'>gens</span> <span class='ocrx_word' id='word_1_17' title='bbox 491 1005 682 1060; x_wconf 82' lang='lat' dir='ltr'>vasorum</span> <span class='ocrx_word' id='word_1_18' title='bbox 711 977 1039 1086; x_wconf 85' lang='lat' dir='ltr'>sanguiferorum</span> <span class='ocrx_word' id='word_1_19' title='bbox 1071 1005 1281 1080; x_wconf 88' lang='lat' dir='ltr'>numerus,</span> <span class='ocrx_word' id='word_1_20' title='bbox 1309 979 1401 1060; x_wconf 80' lang='lat' dir='ltr'>tuin</span> 
     </span>
     <span class='ocr_line' id='line_1_4' title="bbox 361 1114 1402 1222; baseline 0.006 -30"><span class='ocrx_word' id='word_1_21' title='bbox 361 1137 498 1194; x_wconf 90' lang='lat' dir='ltr'>motus</span> <span class='ocrx_word' id='word_1_22' title='bbox 517 1135 660 1196; x_wconf 83' lang='lat' dir='ltr'>eorum</span> <span class='ocrx_word' id='word_1_23' title='bbox 675 1115 873 1214; x_wconf 88' lang='lat' dir='ltr'>assiduus,</span> <span class='ocrx_word' id='word_1_24' title='bbox 900 1135 941 1198; x_wconf 84' lang='lat' dir='ltr'>et</span> <span class='ocrx_word' id='word_1_25' title='bbox 959 1114 1083 1214; x_wconf 85' lang='lat' dir='ltr'>sedes,</span> <span class='ocrx_word' id='word_1_26' title='bbox 1097 1115 1149 1196; x_wconf 89' lang='lat' dir='ltr'>ad</span> <span class='ocrx_word' id='word_1_27' title='bbox 1168 1143 1296 1221; x_wconf 86' lang='lat' dir='ltr'>quam</span> <span class='ocrx_word' id='word_1_28' title='bbox 1313 1142 1402 1222; x_wconf 80' lang='lat' dir='ltr'>per-</span> 
     </span>
     <span class='ocr_line' id='line_1_5' title="bbox 258 1229 1402 1358; baseline 0.01 -31"><span class='ocrx_word' id='word_1_29' title='bbox 258 1229 263 1240; x_wconf 65' lang='grc'><strong>’</strong></span> <span class='ocrx_word' id='word_1_30' title='bbox 360 1249 488 1330; x_wconf 87' lang='lat' dir='ltr'>tinere</span> <span class='ocrx_word' id='word_1_31' title='bbox 503 1251 680 1332; x_wconf 87' lang='lat' dir='ltr'>remedia</span> <span class='ocrx_word' id='word_1_32' title='bbox 698 1279 784 1332; x_wconf 90' lang='lat' dir='ltr'>non</span> <span class='ocrx_word' id='word_1_33' title='bbox 799 1274 981 1358; x_wconf 77' lang='lat' dir='ltr'>possunt,</span> <span class='ocrx_word' id='word_1_34' title='bbox 999 1274 1158 1336; x_wconf 85' lang='lat' dir='ltr'>metum</span> <span class='ocrx_word' id='word_1_35' title='bbox 1176 1251 1402 1338; x_wconf 90' lang='lat' dir='ltr'>incuterent</span> 
     </span>
     <span class='ocr_line' id='line_1_6' title="bbox 361 1373 1401 1495; baseline 0.009 -31"><span class='ocrx_word' id='word_1_36' title='bbox 361 1413 413 1466; x_wconf 88' lang='lat' dir='ltr'>ne</span> <span class='ocrx_word' id='word_1_37' title='bbox 442 1373 591 1495; x_wconf 82' lang='lat' dir='ltr'>largior</span> <span class='ocrx_word' id='word_1_38' title='bbox 610 1388 818 1495; x_wconf 80' lang='lat' dir='ltr'>sanguinis</span> <span class='ocrx_word' id='word_1_39' title='bbox 848 1388 1031 1494; x_wconf 89' lang='lat' dir='ltr'>profusio</span> <span class='ocrx_word' id='word_1_40' title='bbox 1059 1390 1172 1472; x_wconf 85' lang='lat' dir='ltr'>nulla</span> <span class='ocrx_word' id='word_1_41' title='bbox 1199 1411 1283 1474; x_wconf 85' lang='lat' dir='ltr'>arte</span> <span class='ocrx_word' id='word_1_42' title='bbox 1300 1411 1401 1473; x_wconf 89' lang='lat' dir='ltr'>esset</span> 
     </span>
     <span class='ocr_line' id='line_1_7' title="bbox 358 1523 1400 1631; baseline 0.008 -31"><span class='ocrx_word' id='word_1_43' title='bbox 358 1523 619 1606; x_wconf 88' lang='lat' dir='ltr'>medicabilis.</span> <span class='ocrx_word' id='word_1_44' title='bbox 679 1523 879 1606; x_wconf 82' lang='lat' dir='ltr'>Credibile</span> <span class='ocrx_word' id='word_1_45' title='bbox 908 1547 1046 1607; x_wconf 86' lang='lat' dir='ltr'>tamen</span> <span class='ocrx_word' id='word_1_46' title='bbox 1074 1547 1133 1608; x_wconf 88' lang='lat' dir='ltr'>est</span> <span class='ocrx_word' id='word_1_47' title='bbox 1162 1524 1400 1631; x_wconf 88' lang='lat' dir='ltr'>hujusmodi</span> 
     </span>
     <span class='ocr_line' id='line_1_8' title="bbox 360 1661 1397 1770; baseline 0.006 -32"><span class='ocrx_word' id='word_1_48' title='bbox 360 1661 527 1742; x_wconf 86' lang='lat' dir='ltr'>vulnera</span> <span class='ocrx_word' id='word_1_49' title='bbox 564 1661 882 1764; x_wconf 77' lang='lat' dir='ltr'>consanuisse*;</span> <span class='ocrx_word' id='word_1_50' title='bbox 927 1661 1125 1770; x_wconf 87' lang='lat' dir='ltr'>quoniam</span> <span class='ocrx_word' id='word_1_51' title='bbox 1163 1691 1233 1769; x_wconf 86' lang='lat' dir='ltr'>per</span> <span class='ocrx_word' id='word_1_52' title='bbox 1269 1689 1397 1748; x_wconf 88' lang='lat' dir='ltr'>annos</span> 
     </span>
     <span class='ocr_line' id='line_1_9' title="bbox 358 1797 1397 1906; baseline 0.009 -29"><span class='ocrx_word' id='word_1_53' title='bbox 358 1797 628 1905; x_wconf 87' lang='lat' dir='ltr'>quadraginta</span> <span class='ocrx_word' id='word_1_54' title='bbox 653 1800 817 1906; x_wconf 86' lang='lat' dir='ltr'>sanguis</span> <span class='ocrx_word' id='word_1_55' title='bbox 846 1827 932 1882; x_wconf 93' lang='lat' dir='ltr'>non</span> <span class='ocrx_word' id='word_1_56' title='bbox 951 1800 1082 1884; x_wconf 87' lang='lat' dir='ltr'>rediit.</span> <span class='ocrx_word' id='word_1_57' title='bbox 1141 1801 1248 1884; x_wconf 86' lang='lat' dir='ltr'>Illud</span> <span class='ocrx_word' id='word_1_58' title='bbox 1274 1801 1397 1886; x_wconf 85' lang='lat' dir='ltr'>etiam</span> 
     </span>
     <span class='ocr_line' id='line_1_10' title="bbox 358 1937 1397 2046; baseline 0.006 -32"><span class='ocrx_word' id='word_1_59' title='bbox 358 1937 621 2018; x_wconf 89' lang='lat' dir='ltr'>memorabile</span> <span class='ocrx_word' id='word_1_60' title='bbox 633 1959 704 2038; x_wconf 85' lang='lat' dir='ltr'>est,</span> <span class='ocrx_word' id='word_1_61' title='bbox 716 1937 941 2044; x_wconf 86' lang='lat' dir='ltr'>quodinter</span> <span class='ocrx_word' id='word_1_62' title='bbox 949 1938 1397 2046; x_wconf 83' lang='lat' dir='ltr'>quamplurimos,quos</span> 
     </span>
     <span class='ocr_line' id='line_1_11' title="bbox 355 2057 1396 2181; baseline 0.006 -31"><span class='ocrx_word' id='word_1_63' title='bbox 355 2070 441 2151; x_wconf 82' lang='lat' dir='ltr'>vidi</span> <span class='ocrx_word' id='word_1_64' title='bbox 456 2074 697 2181; x_wconf 86' lang='lat' dir='ltr'>sanguinem</span> <span class='ocrx_word' id='word_1_65' title='bbox 716 2096 966 2181; x_wconf 76' lang='lat' dir='ltr'>exspuentes,</span> <span class='ocrx_word' id='word_1_66' title='bbox 983 2101 1092 2158; x_wconf 90' lang='lat' dir='ltr'>unus</span> <span class='ocrx_word' id='word_1_67' title='bbox 1107 2057 1396 2158; x_wconf 84' lang='lat' dir='ltr'>tantummodo</span> 
     </span>
     <span class='ocr_line' id='line_1_12' title="bbox 258 2205 1395 2318; baseline 0.006 -32"><span class='ocrx_word' id='word_1_68' title='bbox 258 2250 261 2258; x_wconf 35' lang='grc' dir='ltr'><strong>ν</strong></span> <span class='ocrx_word' id='word_1_69' title='bbox 354 2205 449 2310; x_wconf 84' lang='lat' dir='ltr'>fuit,</span> <span class='ocrx_word' id='word_1_70' title='bbox 465 2211 539 2318; x_wconf 90' lang='lat' dir='ltr'>qui</span> <span class='ocrx_word' id='word_1_71' title='bbox 556 2211 720 2318; x_wconf 87' lang='lat' dir='ltr'>ingente</span> <span class='ocrx_word' id='word_1_72' title='bbox 735 2233 775 2294; x_wconf 91' lang='lat' dir='ltr'>et</span> <span class='ocrx_word' id='word_1_73' title='bbox 794 2211 960 2318; x_wconf 88' lang='lat' dir='ltr'>repetita</span> <span class='ocrx_word' id='word_1_74' title='bbox 978 2210 1212 2318; x_wconf 79' lang='lat' dir='ltr'>profusione</span> <span class='ocrx_word' id='word_1_75' title='bbox 1226 2211 1395 2298; x_wconf 84' lang='lat' dir='ltr'>exhaus-</span> 
     </span>
    </p>
   </div>
   <div class='ocr_carea' id='block_1_2' title="bbox 206 2347 1394 2459">
    <p class='ocr_par' dir='ltr' id='par_1_2' title="bbox 206 2347 1394 2459">
     <span class='ocr_line' id='line_1_13' title="bbox 206 2347 1394 2459; baseline 0.004 -32"><span class='ocrx_word' id='word_1_76' title='bbox 206 2365 242 2414; x_wconf 83' lang='grc'>“-</span> <span class='ocrx_word' id='word_1_77' title='bbox 352 2365 419 2428; x_wconf 87' lang='lat' dir='ltr'>tus</span> <span class='ocrx_word' id='word_1_78' title='bbox 438 2347 598 2453; x_wconf 88' lang='lat' dir='ltr'>periisse</span> <span class='ocrx_word' id='word_1_79' title='bbox 613 2347 838 2430; x_wconf 81' lang='lat' dir='ltr'>videbatur.</span> <span class='ocrx_word' id='word_1_80' title='bbox 898 2347 1084 2459; x_wconf 78' lang='lat' dir='ltr'><strong>Quidam</strong></span> <span class='ocrx_word' id='word_1_81' title='bbox 1098 2369 1297 2454; x_wconf 85' lang='lat' dir='ltr'>superstes</span> <span class='ocrx_word' id='word_1_82' title='bbox 1315 2347 1394 2432; x_wconf 78' lang='lat' dir='ltr'>suit</span> 
     </span>
    </p>
   </div>
   <div class='ocr_carea' id='block_1_3' title="bbox 274 2481 1391 3276">
    <p class='ocr_par' dir='ltr' id='par_1_3' title="bbox 274 2481 1391 3276">
     <span class='ocr_line' id='line_1_14' title="bbox 351 2481 1391 2592; baseline 0.004 -28"><span class='ocrx_word' id='word_1_83' title='bbox 351 2481 581 2586; x_wconf 87' lang='lat' dir='ltr'>biennium,</span> <span class='ocrx_word' id='word_1_84' title='bbox 599 2505 638 2566; x_wconf 90' lang='lat' dir='ltr'>et</span> <span class='ocrx_word' id='word_1_85' title='bbox 654 2483 826 2568; x_wconf 84' lang='lat' dir='ltr'>forsitan</span> <span class='ocrx_word' id='word_1_86' title='bbox 844 2483 1014 2584; x_wconf 89' lang='lat' dir='ltr'>diutius,</span> <span class='ocrx_word' id='word_1_87' title='bbox 1033 2485 1105 2592; x_wconf 90' lang='lat' dir='ltr'>qui</span> <span class='ocrx_word' id='word_1_88' title='bbox 1124 2507 1391 2568; x_wconf 78' lang='lat' dir='ltr'>exscrearerat</span> 
     </span>
     <span class='ocr_line' id='line_1_15' title="bbox 351 2617 1391 2729; baseline 0.004 -31"><span class='ocrx_word' id='word_1_89' title='bbox 351 2617 500 2701; x_wconf 86' lang='lat' dir='ltr'>libram</span> <span class='ocrx_word' id='word_1_90' title='bbox 531 2621 739 2728; x_wconf 77' lang='lat' dir='ltr'>sanguinis</span> <span class='ocrx_word' id='word_1_91' title='bbox 765 2621 949 2729; x_wconf 87' lang='lat' dir='ltr'>quotidie</span> <span class='ocrx_word' id='word_1_92' title='bbox 979 2649 1049 2727; x_wconf 88' lang='lat' dir='ltr'>per</span> <span class='ocrx_word' id='word_1_93' title='bbox 1079 2647 1261 2706; x_wconf 85' lang='lat' dir='ltr'>mensem</span> <span class='ocrx_word' id='word_1_94' title='bbox 1291 2621 1391 2704; x_wconf 89' lang='lat' dir='ltr'>inte·</span> 
     </span>
     <span class='ocr_line' id='line_1_16' title="bbox 349 2757 1386 2865; baseline 0.002 -29"><span class='ocrx_word' id='word_1_95' title='bbox 349 2780 485 2862; x_wconf 82' lang='lat' dir='ltr'>grum.</span> <span class='ocrx_word' id='word_1_96' title='bbox 542 2759 639 2838; x_wconf 92' lang='lat' dir='ltr'>Non</span> <span class='ocrx_word' id='word_1_97' title='bbox 658 2758 782 2839; x_wconf 89' lang='lat' dir='ltr'>modo</span> <span class='ocrx_word' id='word_1_98' title='bbox 801 2759 1007 2865; x_wconf 89' lang='lat' dir='ltr'>pulmonis</span> <span class='ocrx_word' id='word_1_99' title='bbox 1028 2783 1164 2844; x_wconf 88' lang='lat' dir='ltr'>motus</span> <span class='ocrx_word' id='word_1_100' title='bbox 1192 2757 1386 2842; x_wconf 86' lang='lat' dir='ltr'>naturalis</span> 
     </span>
     <span class='ocr_line' id='line_1_17' title="bbox 349 2892 1388 3002; baseline 0.002 -28"><span class='ocrx_word' id='word_1_101' title='bbox 349 2893 479 2976; x_wconf 85' lang='lat' dir='ltr'>fertur</span> <span class='ocrx_word' id='word_1_102' title='bbox 507 2895 592 2976; x_wconf 85' lang='lat' dir='ltr'>sine</span> <span class='ocrx_word' id='word_1_103' title='bbox 621 2895 791 2977; x_wconf 88' lang='lat' dir='ltr'>notabili</span> <span class='ocrx_word' id='word_1_104' title='bbox 821 2895 1029 3001; x_wconf 82' lang='lat' dir='ltr'>sanguinis</span> <span class='ocrx_word' id='word_1_105' title='bbox 1059 2919 1294 3002; x_wconf 80' lang='lat' dir='ltr'>augmentO,</span> <span class='ocrx_word' id='word_1_106' title='bbox 1322 2892 1388 2978; x_wconf 87' lang='lat' dir='ltr'>sed</span> 
     </span>
     <span class='ocr_line' id='line_1_18' title="bbox 347 3031 1387 3139; baseline -0.002 -25"><span class='ocrx_word' id='word_1_107' title='bbox 347 3031 470 3114; x_wconf 86' lang='lat' dir='ltr'>etiam</span> <span class='ocrx_word' id='word_1_108' title='bbox 485 3033 664 3115; x_wconf 81' lang='lat' dir='ltr'>vomitus</span> <span class='ocrx_word' id='word_1_109' title='bbox 683 3035 729 3113; x_wconf 91' lang='lat' dir='ltr'>in</span> <span class='ocrx_word' id='word_1_110' title='bbox 743 3059 844 3115; x_wconf 81' lang='lat' dir='ltr'>nave</span> <span class='ocrx_word' id='word_1_111' title='bbox 859 3032 1043 3114; x_wconf 85' lang='lat' dir='ltr'>assiduus</span> <span class='ocrx_word' id='word_1_112' title='bbox 1056 3061 1126 3138; x_wconf 91' lang='lat' dir='ltr'>per</span> <span class='ocrx_word' id='word_1_113' title='bbox 1140 3031 1387 3139; x_wconf 84' lang='lat' dir='ltr'>sesquimen·</span> 
     </span>
     <span class='ocr_line' id='line_1_19' title="bbox 274 3170 1263 3276; baseline 0 -24"><span class='ocrx_word' id='word_1_114' title='bbox 274 3209 277 3222; x_wconf 93' lang='grc'><strong><em>·</em></strong></span> <span class='ocrx_word' id='word_1_115' title='bbox 348 3199 433 3252; x_wconf 85' lang='lat' dir='ltr'>sem</span> <span class='ocrx_word' id='word_1_116' title='bbox 451 3197 537 3251; x_wconf 89' lang='lat' dir='ltr'>non</span> <span class='ocrx_word' id='word_1_117' title='bbox 556 3171 726 3253; x_wconf 89' lang='lat' dir='ltr'>omnino</span> <span class='ocrx_word' id='word_1_118' title='bbox 740 3171 985 3276; x_wconf 83' lang='lat' dir='ltr'>exasperavit</span> <span class='ocrx_word' id='word_1_119' title='bbox 1003 3171 1080 3252; x_wconf 91' lang='lat' dir='ltr'>hoc</span> <span class='ocrx_word' id='word_1_120' title='bbox 1095 3170 1263 3252; x_wconf 88' lang='lat' dir='ltr'>malum.</span> 
     </span>
    </p>
   </div>
   <div class='ocr_carea' id='block_1_4' title="bbox 345 3289 1489 3552">
    <p class='ocr_par' dir='ltr' id='par_1_4' title="bbox 345 3289 1489 3552">
     <span class='ocr_line' id='line_1_20' title="bbox 403 3289 1489 3420; baseline -0.002 -32"><span class='ocrx_word' id='word_1_121' title='bbox 403 3308 510 3420; x_wconf 78' lang='lat' dir='ltr'>Qua</span> <span class='ocrx_word' id='word_1_122' title='bbox 524 3307 738 3415; x_wconf 88' lang='lat' dir='ltr'>jamdicta</span> <span class='ocrx_word' id='word_1_123' title='bbox 756 3329 865 3406; x_wconf 90' lang='lat' dir='ltr'>sunt,</span> <span class='ocrx_word' id='word_1_124' title='bbox 885 3331 970 3387; x_wconf 87' lang='lat' dir='ltr'>nnn</span> <span class='ocrx_word' id='word_1_125' title='bbox 989 3289 1130 3388; x_wconf 82' lang='lat' dir='ltr'>sinunt</span> <span class='ocrx_word' id='word_1_126' title='bbox 1150 3331 1292 3388; x_wconf 85' lang='lat' dir='ltr'>omnes</span> <span class='ocrx_word' id='word_1_127' title='bbox 1312 3303 1382 3386; x_wconf 88' lang='lat' dir='ltr'>hos</span> <span class='ocrx_word' id='word_1_128' title='bbox 1488 3355 1489 3365; x_wconf 26' lang='grc' dir='ltr'><strong><em>κ</em></strong></span> 
     </span>
     <span class='ocr_line' id='line_1_21' title="bbox 345 3419 1488 3552; baseline -0.008 -22"><span class='ocrx_word' id='word_1_129' title='bbox 345 3471 470 3552; x_wconf 83' lang='lat' dir='ltr'>aegros</span> <span class='ocrx_word' id='word_1_130' title='bbox 489 3444 539 3524; x_wconf 87' lang='lat' dir='ltr'>de</span> <span class='ocrx_word' id='word_1_131' title='bbox 551 3445 677 3526; x_wconf 85' lang='lat' dir='ltr'>salute</span> <span class='ocrx_word' id='word_1_132' title='bbox 691 3471 764 3524; x_wconf 84' lang='lat' dir='ltr'>sua</span> <span class='ocrx_word' id='word_1_133' title='bbox 777 3441 997 3550; x_wconf 86' lang='lat' dir='ltr'>desperare.</span> <span class='ocrx_word' id='word_1_134' title='bbox 1054 3444 1213 3524; x_wconf 85' lang='lat' dir='ltr'>Verum</span> <span class='ocrx_word' id='word_1_135' title='bbox 1227 3469 1315 3524; x_wconf 92' lang='lat' dir='ltr'>non</span> <span class='ocrx_word' id='word_1_136' title='bbox 1328 3461 1383 3523; x_wconf 87' lang='lat' dir='ltr'>est</span> <span class='ocrx_word' id='word_1_137' title='bbox 1487 3419 1488 3441; x_wconf 13' lang='grc' dir='ltr'><strong>Χ</strong></span> 
     </span>
    </p>
   </div>
   <div class='ocr_carea' id='block_1_5' title="bbox 344 3575 1381 3686">
    <p class='ocr_par' dir='ltr' id='par_1_5' title="bbox 344 3575 1381 3686">
     <span class='ocr_line' id='line_1_22' title="bbox 344 3575 1381 3686; baseline -0.007 -23"><span class='ocrx_word' id='word_1_138' title='bbox 344 3581 688 3664; x_wconf 88' lang='lat' dir='ltr'>dissimulandum</span> <span class='ocrx_word' id='word_1_139' title='bbox 702 3603 821 3686; x_wconf 89' lang='lat' dir='ltr'>sputa</span> <span class='ocrx_word' id='word_1_140' title='bbox 839 3601 1005 3662; x_wconf 87' lang='lat' dir='ltr'>cruenta</span> <span class='ocrx_word' id='word_1_141' title='bbox 1023 3579 1265 3686; x_wconf 85' lang='lat' dir='ltr'>plerumque</span> <span class='ocrx_word' id='word_1_142' title='bbox 1283 3575 1381 3662; x_wconf 88' lang='lat' dir='ltr'>desi·</span> 
     </span>
    </p>
   </div>
   <div class='ocr_carea' id='block_1_6' title="bbox 345 3701 1484 3816">
    <p class='ocr_par' dir='ltr' id='par_1_6' title="bbox 345 3701 1484 3816">
     <span class='ocr_line' id='line_1_23' title="bbox 345 3701 1484 3816; baseline -0.007 -18"><span class='ocrx_word' id='word_1_143' title='bbox 345 3745 438 3800; x_wconf 86' lang='lat' dir='ltr'>nere</span> <span class='ocrx_word' id='word_1_144' title='bbox 453 3717 497 3800; x_wconf 92' lang='lat' dir='ltr'>in</span> <span class='ocrx_word' id='word_1_145' title='bbox 510 3719 645 3799; x_wconf 86' lang='lat' dir='ltr'>tabem</span> <span class='ocrx_word' id='word_1_146' title='bbox 659 3717 773 3798; x_wconf 85' lang='lat' dir='ltr'>brevi</span> <span class='ocrx_word' id='word_1_147' title='bbox 788 3717 1066 3816; x_wconf 71' lang='lat' dir='ltr'>mortiferam,</span> <span class='ocrx_word' id='word_1_148' title='bbox 1095 3716 1159 3797; x_wconf 90' lang='lat' dir='ltr'>vel</span> <span class='ocrx_word' id='word_1_149' title='bbox 1171 3715 1311 3798; x_wconf 86' lang='lat' dir='ltr'>saltem</span> <span class='ocrx_word' id='word_1_150' title='bbox 1321 3714 1380 3794; x_wconf 88' lang='lat' dir='ltr'>in·</span> <span class='ocrx_word' id='word_1_151' title='bbox 1483 3701 1484 3743; x_wconf 56' lang='lat'>¹</span> 
     </span>
    </p>
   </div>
   <div class='ocr_carea' id='block_1_7' title="bbox 340 3839 1376 4101">
    <p class='ocr_par' dir='ltr' id='par_1_7' title="bbox 340 3839 1376 4101">
     <span class='ocr_line' id='line_1_24' title="bbox 341 3839 1376 3962; baseline -0.005 -27"><span class='ocrx_word' id='word_1_152' title='bbox 341 3855 445 3936; x_wconf 83' lang='lat' dir='ltr'>ferre</span> <span class='ocrx_word' id='word_1_153' title='bbox 464 3839 617 3936; x_wconf 81' lang='lat' dir='ltr'>tussein</span> <span class='ocrx_word' id='word_1_154' title='bbox 634 3876 674 3935; x_wconf 92' lang='lat' dir='ltr'>et</span> <span class='ocrx_word' id='word_1_155' title='bbox 693 3851 872 3960; x_wconf 85' lang='lat' dir='ltr'>spirandi</span> <span class='ocrx_word' id='word_1_156' title='bbox 882 3849 1175 3954; x_wconf 82' lang='lat' dir='ltr'>difficultatem,</span> <span class='ocrx_word' id='word_1_157' title='bbox 1190 3879 1287 3962; x_wconf 77' lang='lat' dir='ltr'>quae</span> <span class='ocrx_word' id='word_1_158' title='bbox 1300 3847 1376 3934; x_wconf 79' lang='lat' dir='ltr'>sin·</span> 
     </span>
     <span class='ocr_line' id='line_1_25' title="bbox 340 3989 1112 4101; baseline -0.003 -28"><span class='ocrx_word' id='word_1_159' title='bbox 340 3993 446 4101; x_wconf 81' lang='lat' dir='ltr'>gulis</span> <span class='ocrx_word' id='word_1_160' title='bbox 466 3991 671 4072; x_wconf 88' lang='lat' dir='ltr'>hiemibus</span> <span class='ocrx_word' id='word_1_161' title='bbox 691 3989 735 4070; x_wconf 90' lang='lat' dir='ltr'>in</span> <span class='ocrx_word' id='word_1_162' title='bbox 753 3989 866 4098; x_wconf 87' lang='lat' dir='ltr'>pejus</span> <span class='ocrx_word' id='word_1_163' title='bbox 885 4011 1112 4074; x_wconf 84' lang='lat' dir='ltr'>vertuntur.</span> 
     </span>
    </p>
   </div>
   <div class='ocr_carea' id='block_1_8' title="bbox 331 4213 1371 4536">
    <p class='ocr_par' dir='ltr' id='par_1_8' title="bbox 331 4213 1371 4536">
     <span class='ocr_line' id='line_1_26' title="bbox 377 4213 1371 4328; baseline -0.007 -16"><span class='ocrx_word' id='word_1_164' title='bbox 377 4255 396 4292; x_wconf 70' lang='lat' dir='ltr'>s</span> <span class='ocrx_word' id='word_1_165' title='bbox 411 4213 692 4312; x_wconf 65' lang='lat' dir='ltr'>vissimum</span> <span class='ocrx_word' id='word_1_166' title='bbox 704 4250 740 4328; x_wconf 67' lang='lat' dir='ltr'>os</span> <span class='ocrx_word' id='word_1_167' title='bbox 751 4269 771 4310; x_wconf 73' lang='lat' dir='ltr'>a</span> <span class='ocrx_word' id='word_1_168' title='bbox 785 4247 890 4328; x_wconf 64' lang='lat' dir='ltr'>sassa</span> <span class='ocrx_word' id='word_1_169' title='bbox 901 4247 956 4326; x_wconf 70' lang='lat' dir='ltr'>sor</span> <span class='ocrx_word' id='word_1_170' title='bbox 968 4245 1014 4308; x_wconf 75' lang='lat' dir='ltr'>sn</span> <span class='ocrx_word' id='word_1_171' title='bbox 1025 4237 1371 4326; x_wconf 56' lang='lat' dir='ltr'>repromissas-</span> 
     </span>
     <span class='ocr_line' id='line_1_27' title="bbox 335 4345 1367 4442; baseline -0.012 -26"><span class='ocrx_word' id='word_1_172' title='bbox 335 4355 380 4416; x_wconf 82' lang='lat' dir='ltr'>col</span> <span class='ocrx_word' id='word_1_173' title='bbox 398 4353 457 4416; x_wconf 80' lang='lat' dir='ltr'>aad</span> <span class='ocrx_word' id='word_1_174' title='bbox 468 4351 644 4442; x_wconf 62' lang='lat' dir='ltr'>Chirurgicai</span> <span class='ocrx_word' id='word_1_175' title='bbox 656 4351 836 4436; x_wconf 80' lang='lat' dir='ltr'>Kaowledge,</span> <span class='ocrx_word' id='word_1_176' title='bbox 851 4353 909 4410; x_wconf 87' lang='lat' dir='ltr'>vol.</span> <span class='ocrx_word' id='word_1_177' title='bbox 925 4350 953 4408; x_wconf 86' lang='lat' dir='ltr'>ii.</span> <span class='ocrx_word' id='word_1_178' title='bbox 968 4370 997 4428; x_wconf 91' lang='lat' dir='ltr'>p.</span> <span class='ocrx_word' id='word_1_179' title='bbox 1014 4353 1079 4412; x_wconf 87' lang='grc'><strong>169.</strong></span> <span class='ocrx_word' id='word_1_180' title='bbox 1120 4350 1236 4430; x_wconf 83' lang='lat' dir='ltr'>Corpus</span> <span class='ocrx_word' id='word_1_181' title='bbox 1254 4345 1367 4410; x_wconf 81' lang='lat' dir='ltr'>incisum</span> 
     </span>
     <span class='ocr_line' id='line_1_28' title="bbox 331 4451 1121 4536; baseline -0.008 -20"><span class='ocrx_word' id='word_1_182' title='bbox 331 4473 385 4528; x_wconf 80' lang='lat' dir='ltr'>est,</span> <span class='ocrx_word' id='word_1_183' title='bbox 398 4457 498 4534; x_wconf 88' lang='lat' dir='ltr'>inquo</span> <span class='ocrx_word' id='word_1_184' title='bbox 512 4455 617 4518; x_wconf 76' lang='lat' dir='ltr'>vulnus</span> <span class='ocrx_word' id='word_1_185' title='bbox 630 4453 777 4536; x_wconf 73' lang='lat' dir='ltr'>pulmonIs</span> <span class='ocrx_word' id='word_1_186' title='bbox 785 4453 965 4536; x_wconf 82' lang='lat' dir='ltr'>glutinatum</span> <span class='ocrx_word' id='word_1_187' title='bbox 979 4467 1052 4514; x_wconf 83' lang='lat' dir='ltr'>erat.</span> <span class='ocrx_word' id='word_1_188' title='bbox 1083 4451 1121 4512; x_wconf 71' lang='grc' dir='ltr'>Ε,</span> 
     </span>
    </p>
   </div>
   <div class='ocr_carea' id='block_1_9' title="bbox 1457 4503 1473 5033">
    <p class='ocr_par' dir='ltr' id='par_1_9' title="bbox 1454 4503 1473 5033">
     <span class='ocr_line' id='line_1_29' title="bbox 1457 4503 1473 5033; baseline 0 0"><span class='ocrx_word' id='word_1_189' title='bbox 1457 4503 1473 5033; x_wconf 65' lang='lat' dir='ltr'>i</span> 
     </span>
    </p>
   </div>
   <div class='ocr_carea' id='block_1_10' title="bbox 0 0 1530 5084">
    <p class='ocr_par' dir='ltr' id='par_1_10' title="bbox 0 0 1530 5084">
     <span class='ocr_line' id='line_1_30' title="bbox 0 0 1530 5084; baseline 0 8"><span class='ocrx_word' id='word_1_190' title='bbox 0 0 1530 5084; x_wconf 95' lang='lat' dir='ltr'> </span> 
     </span>
    </p>
   </div>
  </div>
 </body>
</html>
