<?xml version="1.0" encoding="UTF-8"?>
<!DOCTYPE html PUBLIC "-//W3C//DTD XHTML 1.0 Transitional//EN"
    "http://www.w3.org/TR/xhtml1/DTD/xhtml1-transitional.dtd">
<html xmlns="http://www.w3.org/1999/xhtml" xml:lang="en" lang="en">
 <head>
  <title>
</title>
<meta http-equiv="Content-Type" content="text/html;charset=utf-8" />
  <meta name='ocr-system' content='tesseract 3.04.00' />
  <meta name='ocr-capabilities' content='ocr_page ocr_carea ocr_par ocr_line ocrx_word'/>
</head>
<body>
  <div class='ocr_page' id='page_1' title='image "./commentariidemo00hebegoog_0387.png"; bbox 0 0 3050 5084; ppageno 0'>
   <div class='ocr_carea' id='block_1_1' title="bbox 687 371 911 544">
    <p class='ocr_par' dir='ltr' id='par_1_1' title="bbox 687 371 911 544">
     <span class='ocr_line' id='line_1_1' title="bbox 687 371 911 544; baseline 0.054 -26"><span class='ocrx_word' id='word_1_1' title='bbox 687 506 688 517; x_wconf 18' lang='grc' dir='ltr'>ψ</span> <span class='ocrx_word' id='word_1_2' title='bbox 806 371 911 544; x_wconf 73' lang='lat' dir='ltr'>sta</span> 
     </span>
    </p>
   </div>
   <div class='ocr_carea' id='block_1_2' title="bbox 316 633 1398 2115">
    <p class='ocr_par' dir='ltr' id='par_1_2' title="bbox 316 633 1396 1701">
     <span class='ocr_line' id='line_1_2' title="bbox 342 633 1387 746; baseline 0.002 -28"><span class='ocrx_word' id='word_1_3' title='bbox 342 637 398 718; x_wconf 85' lang='lat' dir='ltr'>eis</span> <span class='ocrx_word' id='word_1_4' title='bbox 414 637 572 718; x_wconf 85' lang='lat' dir='ltr'>biberat</span> <span class='ocrx_word' id='word_1_5' title='bbox 585 633 666 718; x_wconf 86' lang='lat' dir='ltr'>fere</span> <span class='ocrx_word' id='word_1_6' title='bbox 679 635 862 744; x_wconf 83' lang='lat' dir='ltr'>quotidie</span> <span class='ocrx_word' id='word_1_7' title='bbox 876 662 948 742; x_wconf 89' lang='lat' dir='ltr'>pet</span> <span class='ocrx_word' id='word_1_8' title='bbox 964 637 1232 746; x_wconf 83' lang='lat' dir='ltr'>quadraginta</span> <span class='ocrx_word' id='word_1_9' title='bbox 1248 647 1387 740; x_wconf 81' lang='lat' dir='ltr'>annos,</span> 
     </span>
     <span class='ocr_line' id='line_1_3' title="bbox 344 773 1387 881; baseline -0.002 -23"><span class='ocrx_word' id='word_1_10' title='bbox 344 773 459 881; x_wconf 90' lang='lat' dir='ltr'>cujus</span> <span class='ocrx_word' id='word_1_11' title='bbox 485 800 631 854; x_wconf 87' lang='lat' dir='ltr'>manus</span> <span class='ocrx_word' id='word_1_12' title='bbox 651 773 773 858; x_wconf 86' lang='lat' dir='ltr'>etiam</span> <span class='ocrx_word' id='word_1_13' title='bbox 791 773 836 853; x_wconf 90' lang='lat' dir='ltr'>iu</span> <span class='ocrx_word' id='word_1_14' title='bbox 855 775 1001 856; x_wconf 84' lang='lat' dir='ltr'>ultima</span> <span class='ocrx_word' id='word_1_15' title='bbox 1020 797 1221 858; x_wconf 72' lang='lat' dir='ltr'>senectute</span> <span class='ocrx_word' id='word_1_16' title='bbox 1241 791 1293 859; x_wconf 83' lang='lat' dir='ltr'>ne&#39;</span> <span class='ocrx_word' id='word_1_17' title='bbox 1311 776 1387 856; x_wconf 89' lang='lat' dir='ltr'>mi·</span> 
     </span>
     <span class='ocr_line' id='line_1_4' title="bbox 316 911 1391 1023; baseline -0.002 -29"><span class='ocrx_word' id='word_1_18' title='bbox 316 963 319 968; x_wconf 92' lang='lat'>-</span> <span class='ocrx_word' id='word_1_19' title='bbox 344 911 456 994; x_wconf 89' lang='lat' dir='ltr'>nime</span> <span class='ocrx_word' id='word_1_20' title='bbox 475 932 758 992; x_wconf 80' lang='lat' dir='ltr'>tremuerunt.</span> <span class='ocrx_word' id='word_1_21' title='bbox 785 911 1114 1023; x_wconf 80' lang='lat' dir='ltr'>Quamplurimis</span> <span class='ocrx_word' id='word_1_22' title='bbox 1134 912 1221 994; x_wconf 84' lang='lat' dir='ltr'>aliis</span> <span class='ocrx_word' id='word_1_23' title='bbox 1239 913 1303 1016; x_wconf 65' lang='lat' dir='ltr'>bae</span> <span class='ocrx_word' id='word_1_24' title='bbox 1320 937 1391 1018; x_wconf 91' lang='lat' dir='ltr'>po-</span> 
     </span>
     <span class='ocr_line' id='line_1_5' title="bbox 318 1047 1393 1156; baseline 0 -28"><span class='ocrx_word' id='word_1_25' title='bbox 318 1048 475 1130; x_wconf 73' lang='lat' dir='ltr'>tiones</span> <span class='ocrx_word' id='word_1_26' title='bbox 513 1047 682 1154; x_wconf 88' lang='lat' dir='ltr'>impune</span> <span class='ocrx_word' id='word_1_27' title='bbox 717 1047 942 1130; x_wconf 85' lang='lat' dir='ltr'>bibuntur:</span> <span class='ocrx_word' id='word_1_28' title='bbox 986 1049 1099 1156; x_wconf 90' lang='lat' dir='ltr'>quod</span> <span class='ocrx_word' id='word_1_29' title='bbox 1126 1048 1172 1128; x_wconf 93' lang='lat' dir='ltr'>ni</span> <span class='ocrx_word' id='word_1_30' title='bbox 1199 1049 1256 1130; x_wconf 89' lang='lat' dir='ltr'>ita</span> <span class='ocrx_word' id='word_1_31' title='bbox 1282 1067 1393 1148; x_wconf 87' lang='lat' dir='ltr'>esset,</span> 
     </span>
     <span class='ocr_line' id='line_1_6' title="bbox 348 1183 1393 1292; baseline 0 -26"><span class='ocrx_word' id='word_1_32' title='bbox 348 1184 545 1268; x_wconf 85' lang='lat' dir='ltr'>Sinenses·</span> <span class='ocrx_word' id='word_1_33' title='bbox 560 1186 786 1292; x_wconf 81' lang='lat' dir='ltr'>Turcaeque</span> <span class='ocrx_word' id='word_1_34' title='bbox 814 1211 955 1265; x_wconf 85' lang='lat' dir='ltr'>omnes</span> <span class='ocrx_word' id='word_1_35' title='bbox 990 1184 1042 1265; x_wconf 89' lang='lat' dir='ltr'>ad</span> <span class='ocrx_word' id='word_1_36' title='bbox 1070 1183 1182 1266; x_wconf 91' lang='lat' dir='ltr'>hunc</span> <span class='ocrx_word' id='word_1_37' title='bbox 1219 1185 1393 1266; x_wconf 87' lang='lat' dir='ltr'>modum</span> 
     </span>
     <span class='ocr_line' id='line_1_7' title="bbox 349 1305 1395 1430; baseline -0.004 -24"><span class='ocrx_word' id='word_1_38' title='bbox 349 1321 530 1406; x_wconf 88' lang='lat' dir='ltr'>laborate</span> <span class='ocrx_word' id='word_1_39' title='bbox 548 1321 750 1404; x_wconf 84' lang='lat' dir='ltr'>deberent</span> <span class='ocrx_word' id='word_1_40' title='bbox 785 1319 945 1402; x_wconf 87' lang='lat' dir='ltr'>Verum</span> <span class='ocrx_word' id='word_1_41' title='bbox 965 1319 1134 1403; x_wconf 88' lang='lat' dir='ltr'>historia</span> <span class='ocrx_word' id='word_1_42' title='bbox 1141 1320 1306 1430; x_wconf 27' lang='lat' dir='ltr'>,borum</span> <span class='ocrx_word' id='word_1_43' title='bbox 1325 1305 1395 1428; x_wconf 87' lang='lat' dir='ltr'>po-</span> 
     </span>
     <span class='ocr_line' id='line_1_8' title="bbox 350 1456 1396 1577; baseline -0.001 -38"><span class='ocrx_word' id='word_1_44' title='bbox 350 1459 545 1577; x_wconf 83' lang='lat' dir='ltr'>pulorum</span> <span class='ocrx_word' id='word_1_45' title='bbox 558 1484 645 1538; x_wconf 92' lang='lat' dir='ltr'>non</span> <span class='ocrx_word' id='word_1_46' title='bbox 659 1456 833 1539; x_wconf 88' lang='lat' dir='ltr'>ostendit</span> <span class='ocrx_word' id='word_1_47' title='bbox 845 1479 954 1538; x_wconf 86' lang='lat' dir='ltr'>artus</span> <span class='ocrx_word' id='word_1_48' title='bbox 967 1478 1180 1540; x_wconf 89' lang='lat' dir='ltr'>trementes</span> <span class='ocrx_word' id='word_1_49' title='bbox 1191 1485 1275 1541; x_wconf 87' lang='lat' dir='ltr'>esse</span> <span class='ocrx_word' id='word_1_50' title='bbox 1287 1484 1396 1539; x_wconf 89' lang='lat' dir='ltr'>mor·</span> 
     </span>
     <span class='ocr_line' id='line_1_9' title="bbox 351 1583 1122 1701; baseline -0.003 -25"><span class='ocrx_word' id='word_1_51' title='bbox 351 1595 457 1676; x_wconf 92' lang='lat' dir='ltr'>bum</span> <span class='ocrx_word' id='word_1_52' title='bbox 474 1583 645 1676; x_wconf 76' lang='lat' dir='ltr'>istarum</span> <span class='ocrx_word' id='word_1_53' title='bbox 664 1593 880 1701; x_wconf 84' lang='lat' dir='ltr'>regionum</span> <span class='ocrx_word' id='word_1_54' title='bbox 899 1592 1122 1701; x_wconf 86' lang='lat' dir='ltr'>proprium.</span> 
     </span>
    </p>

    <p class='ocr_par' dir='ltr' id='par_1_3' title="bbox 353 1713 1398 2115">
     <span class='ocr_line' id='line_1_10' title="bbox 409 1713 1398 1844; baseline -0.001 -31"><span class='ocrx_word' id='word_1_55' title='bbox 409 1731 516 1844; x_wconf 78' lang='lat' dir='ltr'>Quae</span> <span class='ocrx_word' id='word_1_56' title='bbox 536 1713 775 1842; x_wconf 82' lang='lat' dir='ltr'>paralyticis,</span> <span class='ocrx_word' id='word_1_57' title='bbox 803 1751 844 1811; x_wconf 92' lang='lat' dir='ltr'>et</span> <span class='ocrx_word' id='word_1_58' title='bbox 879 1728 1243 1839; x_wconf 83' lang='lat' dir='ltr'>hypochondriacis</span> <span class='ocrx_word' id='word_1_59' title='bbox 1281 1713 1398 1814; x_wconf 83' lang='lat' dir='ltr'>affec-</span> 
     </span>
     <span class='ocr_line' id='line_1_11' title="bbox 353 1865 1397 1977; baseline -0.002 -25"><span class='ocrx_word' id='word_1_60' title='bbox 353 1867 463 1952; x_wconf 92' lang='lat' dir='ltr'>tibus</span> <span class='ocrx_word' id='word_1_61' title='bbox 497 1867 725 1968; x_wconf 87' lang='lat' dir='ltr'>medentur,</span> <span class='ocrx_word' id='word_1_62' title='bbox 753 1865 906 1965; x_wconf 86' lang='lat' dir='ltr'>eadem,</span> <span class='ocrx_word' id='word_1_63' title='bbox 945 1865 1093 1975; x_wconf 89' lang='lat' dir='ltr'>siqua</span> <span class='ocrx_word' id='word_1_64' title='bbox 1128 1868 1397 1977; x_wconf 79' lang='lat' dir='ltr'>postulantur,</span> 
     </span>
     <span class='ocr_line' id='line_1_12' title="bbox 355 1993 1306 2115; baseline -0.001 -29"><span class='ocrx_word' id='word_1_65' title='bbox 355 2003 602 2088; x_wconf 79' lang='lat' dir='ltr'>tremoribus</span> <span class='ocrx_word' id='word_1_66' title='bbox 621 2031 788 2115; x_wconf 90' lang='lat' dir='ltr'>quoque</span> <span class='ocrx_word' id='word_1_67' title='bbox 807 2003 1059 2086; x_wconf 81' lang='lat' dir='ltr'>convenient.</span> <span class='ocrx_word' id='word_1_68' title='bbox 1301 1993 1306 1998; x_wconf 68' lang='grc'><strong>’</strong></span> 
     </span>
    </p>
   </div>
   <div class='ocr_carea' id='block_1_3' title="bbox 676 2211 1129 2600">
    <p class='ocr_par' dir='ltr' id='par_1_4' title="bbox 676 2211 1129 2600">
     <span class='ocr_line' id='line_1_13' title="bbox 676 2211 1129 2258; baseline 0.004 -4"><span class='ocrx_word' id='word_1_69' title='bbox 676 2211 1077 2258; x_wconf 52' lang='lat' dir='ltr'>m</span> <span class='ocrx_word' id='word_1_70' title='bbox 1127 2237 1129 2244; x_wconf 70' lang='lat'><em>,</em></span> 
     </span>
     <span class='ocr_line' id='line_1_14' title="bbox 754 2351 977 2437; baseline 0.009 -3"><span class='ocrx_word' id='word_1_71' title='bbox 754 2351 888 2437; x_wconf 72' lang='lat' dir='ltr'>&#39;Cnn</span> <span class='ocrx_word' id='word_1_72' title='bbox 909 2355 977 2436; x_wconf 73' lang='lat'>92.</span> 
     </span>
     <span class='ocr_line' id='line_1_15' title="bbox 772 2515 986 2600; baseline -0.014 -2"><span class='ocrx_word' id='word_1_73' title='bbox 772 2519 836 2598; x_wconf 88' lang='lat' dir='ltr'>De</span> <span class='ocrx_word' id='word_1_74' title='bbox 856 2515 986 2600; x_wconf 73' lang='lat' dir='ltr'>Tosne.</span> 
     </span>
    </p>
   </div>
   <div class='ocr_carea' id='block_1_4' title="bbox 416 2681 1400 2788">
    <p class='ocr_par' dir='ltr' id='par_1_5' title="bbox 416 2681 1400 2788">
     <span class='ocr_line' id='line_1_16' title="bbox 416 2681 1400 2788; baseline -0.007 -3"><span class='ocrx_word' id='word_1_75' title='bbox 416 2705 575 2788; x_wconf 84' lang='lat' dir='ltr'>Tussts</span> <span class='ocrx_word' id='word_1_76' title='bbox 597 2701 722 2784; x_wconf 91' lang='lat' dir='ltr'>modo</span> <span class='ocrx_word' id='word_1_77' title='bbox 741 2721 880 2782; x_wconf 89' lang='lat' dir='ltr'>ortum</span> <span class='ocrx_word' id='word_1_78' title='bbox 898 2725 1023 2784; x_wconf 88' lang='lat' dir='ltr'>suum</span> <span class='ocrx_word' id='word_1_79' title='bbox 1045 2698 1243 2780; x_wconf 80' lang='lat' dir='ltr'>habuit&#39;a</span> <span class='ocrx_word' id='word_1_80' title='bbox 1270 2681 1400 2780; x_wconf 84' lang='lat' dir='ltr'>nimio</span> 
     </span>
    </p>
   </div>
   <div class='ocr_carea' id='block_1_5' title="bbox 247 2835 1402 2936">
    <p class='ocr_par' dir='ltr' id='par_1_6' title="bbox 247 2835 1402 2936">
     <span class='ocr_line' id='line_1_17' title="bbox 247 2835 1402 2936; baseline -0.002 -16"><span class='ocrx_word' id='word_1_81' title='bbox 247 2865 252 2872; x_wconf 89' lang='lat'><em>·</em></span> <span class='ocrx_word' id='word_1_82' title='bbox 362 2843 425 2925; x_wconf 81' lang='lat' dir='ltr'>vel</span> <span class='ocrx_word' id='word_1_83' title='bbox 449 2841 573 2922; x_wconf 90' lang='lat' dir='ltr'>nimis</span> <span class='ocrx_word' id='word_1_84' title='bbox 599 2839 680 2920; x_wconf 85' lang='lat' dir='ltr'>acri</span> <span class='ocrx_word' id='word_1_85' title='bbox 691 2837 864 2922; x_wconf 83' lang='lat' dir='ltr'>humore</span> <span class='ocrx_word' id='word_1_86' title='bbox 884 2837 1108 2920; x_wconf 82' lang='lat' dir='ltr'>destillante</span> <span class='ocrx_word' id='word_1_87' title='bbox 1122 2835 1168 2916; x_wconf 90' lang='lat' dir='ltr'>in</span> <span class='ocrx_word' id='word_1_88' title='bbox 1185 2835 1402 2936; x_wconf 83' lang='lat' dir='ltr'>tracheam,</span> 
     </span>
    </p>
   </div>
   <div class='ocr_carea' id='block_1_6' title="bbox 363 2972 1503 4476">
    <p class='ocr_par' dir='ltr' id='par_1_7' title="bbox 363 2972 1503 4476">
     <span class='ocr_line' id='line_1_18' title="bbox 363 2972 1402 3084; baseline -0.007 -24"><span class='ocrx_word' id='word_1_89' title='bbox 363 2978 449 3060; x_wconf 89' lang='lat' dir='ltr'>sine</span> <span class='ocrx_word' id='word_1_90' title='bbox 467 2977 567 3058; x_wconf 83' lang='lat' dir='ltr'>vitio</span> <span class='ocrx_word' id='word_1_91' title='bbox 581 2975 812 3084; x_wconf 79' lang='lat' dir='ltr'>pulmonis3</span> <span class='ocrx_word' id='word_1_92' title='bbox 831 2973 994 3055; x_wconf 82' lang='lat' dir='ltr'>modos</span> <span class='ocrx_word' id='word_1_93' title='bbox 1007 2972 1160 3066; x_wconf 83' lang='lat' dir='ltr'>morbis</span> <span class='ocrx_word' id='word_1_94' title='bbox 1176 2972 1402 3070; x_wconf 86' lang='lat' dir='ltr'>ventriculi,</span> 
     </span>
     <span class='ocr_line' id='line_1_19' title="bbox 364 3109 1503 3220; baseline -0.005 -23"><span class='ocrx_word' id='word_1_95' title='bbox 364 3136 435 3197; x_wconf 84' lang='lat' dir='ltr'>aut</span> <span class='ocrx_word' id='word_1_96' title='bbox 448 3111 748 3213; x_wconf 87' lang='lat' dir='ltr'>intestinorum,</span> <span class='ocrx_word' id='word_1_97' title='bbox 762 3111 1006 3220; x_wconf 83' lang='lat' dir='ltr'>qualessunt</span> <span class='ocrx_word' id='word_1_98' title='bbox 1019 3109 1224 3210; x_wconf 84' lang='lat' dir='ltr'>lumbrici,</span> <span class='ocrx_word' id='word_1_99' title='bbox 1237 3131 1277 3192; x_wconf 88' lang='lat' dir='ltr'>et</span> <span class='ocrx_word' id='word_1_100' title='bbox 1290 3111 1402 3217; x_wconf 82' lang='lat' dir='ltr'>glan·</span> <span class='ocrx_word' id='word_1_101' title='bbox 1502 3171 1503 3174; x_wconf 17' lang='lat' dir='ltr'>a</span> 
     </span>
     <span class='ocr_line' id='line_1_20' title="bbox 365 3247 1402 3354; baseline -0.007 -21"><span class='ocrx_word' id='word_1_102' title='bbox 365 3252 557 3334; x_wconf 78' lang='lat' dir='ltr'>dolatum</span> <span class='ocrx_word' id='word_1_103' title='bbox 575 3249 928 3350; x_wconf 85' lang='lat' dir='ltr'>mesenteticarum</span> <span class='ocrx_word' id='word_1_104' title='bbox 947 3269 1155 3348; x_wconf 87' lang='lat' dir='ltr'>tumores;</span> <span class='ocrx_word' id='word_1_105' title='bbox 1185 3247 1301 3354; x_wconf 92' lang='lat' dir='ltr'>quod</span> <span class='ocrx_word' id='word_1_106' title='bbox 1331 3271 1402 3327; x_wconf 91' lang='lat' dir='ltr'>nos</span> 
     </span>
     <span class='ocr_line' id='line_1_21' title="bbox 365 3380 1406 3470; baseline -0.007 0"><span class='ocrx_word' id='word_1_107' title='bbox 365 3385 507 3470; x_wconf 86' lang='lat' dir='ltr'>docuit</span> <span class='ocrx_word' id='word_1_108' title='bbox 517 3387 758 3468; x_wconf 80' lang='lat' dir='ltr'>cadaverum</span> <span class='ocrx_word' id='word_1_109' title='bbox 772 3385 925 3468; x_wconf 90' lang='lat' dir='ltr'>incisio.</span> <span class='ocrx_word' id='word_1_110' title='bbox 955 3385 1051 3466; x_wconf 93' lang='lat' dir='ltr'>Non</span> <span class='ocrx_word' id='word_1_111' title='bbox 1065 3411 1155 3468; x_wconf 86' lang='lat' dir='ltr'>raro</span> <span class='ocrx_word' id='word_1_112' title='bbox 1169 3406 1307 3466; x_wconf 86' lang='lat' dir='ltr'>tamen</span> <span class='ocrx_word' id='word_1_113' title='bbox 1322 3380 1406 3464; x_wconf 87' lang='lat' dir='ltr'>fita-</span> 
     </span>
     <span class='ocr_line' id='line_1_22' title="bbox 367 3520 1405 3641; baseline -0.005 -36"><span class='ocrx_word' id='word_1_114' title='bbox 367 3521 572 3632; x_wconf 88' lang='lat' dir='ltr'>pulmonis</span> <span class='ocrx_word' id='word_1_115' title='bbox 584 3521 919 3622; x_wconf 83' lang='lat' dir='ltr'>inflammatione,</span> <span class='ocrx_word' id='word_1_116' title='bbox 931 3521 1098 3622; x_wconf 86' lang='lat' dir='ltr'>tcirrho,</span> <span class='ocrx_word' id='word_1_117' title='bbox 1113 3541 1184 3602; x_wconf 85' lang='lat' dir='ltr'>aut</span> <span class='ocrx_word' id='word_1_118' title='bbox 1196 3520 1405 3641; x_wconf 83' lang='lat' dir='ltr'>ulceratio·</span> 
     </span>
     <span class='ocr_line' id='line_1_23' title="bbox 368 3651 1404 3770; baseline -0.006 -28"><span class='ocrx_word' id='word_1_119' title='bbox 368 3687 437 3770; x_wconf 88' lang='lat' dir='ltr'>ne:</span> <span class='ocrx_word' id='word_1_120' title='bbox 456 3683 578 3768; x_wconf 88' lang='lat' dir='ltr'>atque</span> <span class='ocrx_word' id='word_1_121' title='bbox 587 3687 632 3770; x_wconf 79' lang='lat' dir='ltr'>ea</span> <span class='ocrx_word' id='word_1_122' title='bbox 639 3683 697 3743; x_wconf 90' lang='lat' dir='ltr'>est</span> <span class='ocrx_word' id='word_1_123' title='bbox 709 3659 916 3742; x_wconf 85' lang='lat' dir='ltr'>interdum</span> <span class='ocrx_word' id='word_1_124' title='bbox 926 3651 1134 3767; x_wconf 78' lang='lat' dir='ltr'>pulmonis</span> <span class='ocrx_word' id='word_1_125' title='bbox 1148 3654 1343 3758; x_wconf 87' lang='lat' dir='ltr'>conditio,</span> <span class='ocrx_word' id='word_1_126' title='bbox 1359 3675 1404 3736; x_wconf 90' lang='lat' dir='ltr'>ut</span> 
     </span>
     <span class='ocr_line' id='line_1_24' title="bbox 368 3791 1405 3901; baseline -0.007 -22"><span class='ocrx_word' id='word_1_127' title='bbox 368 3799 538 3879; x_wconf 90' lang='lat' dir='ltr'>morbus</span> <span class='ocrx_word' id='word_1_128' title='bbox 545 3795 919 3879; x_wconf 81' lang='lat' dir='ltr'>totumintrabreve</span> <span class='ocrx_word' id='word_1_129' title='bbox 926 3793 1102 3901; x_wconf 87' lang='lat' dir='ltr'>spatium</span> <span class='ocrx_word' id='word_1_130' title='bbox 1109 3791 1311 3900; x_wconf 84' lang='lat' dir='ltr'>corripiat,</span> <span class='ocrx_word' id='word_1_131' title='bbox 1320 3815 1405 3874; x_wconf 84' lang='lat' dir='ltr'>cor·</span> 
     </span>
     <span class='ocr_line' id='line_1_25' title="bbox 369 3929 1404 4044; baseline -0.011 -26"><span class='ocrx_word' id='word_1_132' title='bbox 369 3961 528 4044; x_wconf 91' lang='lat' dir='ltr'>pusque</span> <span class='ocrx_word' id='word_1_133' title='bbox 556 3929 846 4016; x_wconf 80' lang='lat' dir='ltr'>immedicabili</span> <span class='ocrx_word' id='word_1_134' title='bbox 858 3929 961 4022; x_wconf 75' lang='lat' dir='ltr'>&#39;tabe</span> <span class='ocrx_word' id='word_1_135' title='bbox 978 3929 1404 4012; x_wconf 74' lang='lat' dir='ltr'>celeritertonsumats</span> 
     </span>
     <span class='ocr_line' id='line_1_26' title="bbox 370 4063 1405 4178; baseline -0.009 -23"><span class='ocrx_word' id='word_1_136' title='bbox 370 4074 417 4155; x_wconf 92' lang='lat' dir='ltr'>in</span> <span class='ocrx_word' id='word_1_137' title='bbox 446 4072 532 4154; x_wconf 87' lang='lat' dir='ltr'>aliis</span> <span class='ocrx_word' id='word_1_138' title='bbox 556 4069 655 4152; x_wconf 84' lang='lat' dir='ltr'>vitia</span> <span class='ocrx_word' id='word_1_139' title='bbox 672 4065 877 4178; x_wconf 82' lang='lat' dir='ltr'>pulmonis</span> <span class='ocrx_word' id='word_1_140' title='bbox 896 4065 1088 4148; x_wconf 80' lang='lat' dir='ltr'>videntur</span> <span class='ocrx_word' id='word_1_141' title='bbox 1104 4065 1151 4148; x_wconf 90' lang='lat' dir='ltr'>in</span> <span class='ocrx_word' id='word_1_142' title='bbox 1165 4063 1310 4148; x_wconf 83' lang='lat' dir='ltr'>eodem</span> <span class='ocrx_word' id='word_1_143' title='bbox 1326 4063 1405 4146; x_wconf 81' lang='lat' dir='ltr'>fere</span> 
     </span>
     <span class='ocr_line' id='line_1_27' title="bbox 372 4183 1503 4316; baseline -0.011 -24"><span class='ocrx_word' id='word_1_144' title='bbox 372 4231 480 4292; x_wconf 79' lang='lat' dir='ltr'>smtu</span> <span class='ocrx_word' id='word_1_145' title='bbox 493 4231 745 4316; x_wconf 54' lang='lat' dir='ltr'>permanete·</span> <span class='ocrx_word' id='word_1_146' title='bbox 765 4203 926 4312; x_wconf 68' lang='lat' dir='ltr'>viginti·</span> <span class='ocrx_word' id='word_1_147' title='bbox 944 4204 1007 4286; x_wconf 84' lang='lat' dir='ltr'>vel</span> <span class='ocrx_word' id='word_1_148' title='bbox 1018 4203 1199 4311; x_wconf 80' lang='lat' dir='ltr'>triginta,</span> <span class='ocrx_word' id='word_1_149' title='bbox 1211 4201 1275 4284; x_wconf 80' lang='lat' dir='ltr'>vel</span> <span class='ocrx_word' id='word_1_150' title='bbox 1286 4197 1405 4282; x_wconf 86' lang='lat' dir='ltr'>etiam</span> <span class='ocrx_word' id='word_1_151' title='bbox 1502 4183 1503 4200; x_wconf 18' lang='grc' dir='ltr'><strong><em>Ν</em></strong></span> 
     </span>
     <span class='ocr_line' id='line_1_28' title="bbox 373 4339 1503 4476; baseline -0.012 -46"><span class='ocrx_word' id='word_1_152' title='bbox 373 4346 641 4456; x_wconf 82' lang='lat' dir='ltr'>quadraginta</span> <span class='ocrx_word' id='word_1_153' title='bbox 650 4371 804 4448; x_wconf 81' lang='lat' dir='ltr'>annos3</span> <span class='ocrx_word' id='word_1_154' title='bbox 822 4343 973 4428; x_wconf 81' lang='lat' dir='ltr'>interea</span> <span class='ocrx_word' id='word_1_155' title='bbox 986 4339 1355 4452; x_wconf 72' lang='lat' dir='ltr'>corpusinplemr,</span> <span class='ocrx_word' id='word_1_156' title='bbox 1368 4353 1406 4416; x_wconf 84' lang='lat' dir='ltr'>et</span> <span class='ocrx_word' id='word_1_157' title='bbox 1502 4457 1503 4476; x_wconf 19' lang='grc' dir='ltr'><strong><em>Ν</em></strong></span> 
     </span>
    </p>
   </div>
   <div class='ocr_carea' id='block_1_7' title="bbox 0 0 1563 5084">
    <p class='ocr_par' dir='ltr' id='par_1_8' title="bbox 0 0 1563 5084">
     <span class='ocr_line' id='line_1_29' title="bbox 0 0 1563 5084; baseline 0 0"><span class='ocrx_word' id='word_1_158' title='bbox 0 0 1563 5084; x_wconf 95' lang='lat' dir='ltr'> </span> 
     </span>
    </p>
   </div>
  </div>
 </body>
</html>
