2990 5078
764 413 894 556 ‚oo

327 651 479 762 quibus
497 625 566 733 iric
579 649 819 734 firitunicus
833 671 953 758 potus
974 667 1045 758 per
1056 651 1211 758 aliquot
1224 668 1364 752 annos,

329 798 371 872 er
388 789 682 872 cousuetudine
699 787 823 870 etiam
840 781 973 868 sactus
991 789 1052 870 es't
1079 806 1164 868 non
1182 783 1370 894 injucun-

327 927 418 1008 dut.-
477 925 663 1040 deam
682 923 917 1025 eattulosus,
945 921 1021 1032 qui
1039 938 1120 1032 pra
1143 923 1286 1006 datore
1301 927 1367 1005 v‘rr

329 1061 505 1146 omnino
522 1057 686 1146 auderet
698 1057 919 1162 ambulare,
933 1072 1152 1170 postquam
1170 1051 1244 1142 diu
1260 1085 1369 1143 sum-

328 1211 432 1282 serat
450 1200 558 1282 hanc
576 1221 797 1308 aquam,‘et
825 1196 877 1281 ab
897 1197 1012 1280 omni
1027 1191 1108 1280 alio
1124 1214 1227 1306 potu
1243 1201 1365 1281 absti-

324 1354 482 1439 nuerat,
494 1338 540 1420 in
551 1348 675 1420 curru
686 1331 779 1418 vehi
791 1361 862 1444 per
874 1337 956 1418 vias
972 1330 1178 1444 lapidibus·
1186 1337 1364 1446 inaequa-

321 1475 431 1557 sous
438 1497 577 1558 amatas
588 1471 704 1556 facile
713 1471 924 1555 sustinuit:
942 1473 1364 1581 praetemuurinaejus

322 1610 430 1694 intra
458 1633 605 1720 paucos
636 1611 720 1694 dies
750 1609 1008 1710 comminuit,
1035 1614 1075 1691 et
1107 1599 1153 1690 in
1182 1609 1362 1692 nilnltm

321 1749 488 1856 redegit,
515 1747 658 1833 calculi
685 1743 978 1855 fragmentum,
1006 1740 1120 1856 quod
1138 1753 1258 1830 antea
1285 1748 1360 1828 im-

321 1911 503 1966 mersum
531 1885 679 1968 eratin
705 1886 870 1967 urinam
901 1883 1076 1964 aliorum
1105 1901 1176 1990 per
1203 1881 1363 1992 aliquot

319 2019 1240 2129 menseerineminimaponderisdiminutione.
1269 2021 1360 2121 Sed,

320 2169 369 2238 ut
386 2159 500 2266 quod
519 2184 579 2240 res
599 2179 658 2241 est
675 2157 814 2258 fatear,
842 2183 974 2265 neque
1000 2181 1106 2266 aqua
1124 2158 1257 2260 calcis,
1285 2177 1358 2241 nes

317 2314 424 2402 aqua
442 2291 524 2376 k‘ali
550 2295 658 2403 puri,
684 2291 840 2402 ubique
866 2293 1052 2375 medetur
1079 2288 1175 2375 huic
1195 2293 1352 2376 morbo.

315 2430 491 2514 Effectus
509 2431 660 2514 horum
678 2431 1069 2513 medicamentorum
1095 2429 1140 2511 in
1157 2429 1351 2513 omnibus
1477 2461 1478 2464 ¹

315 2569 476 2652 salculis
506 2569 643 2650 tardus
663 2591 735 2669 est,
761 2567 807 2648 in
832 2565 1039 2676 aliquibus
1066 2561 1227 2648 nullus:
1257 2583 1357 2650 sunt

313 2703 437 2785 etiam
465 2704 539 2812 qui
557 2705 602 2786 in
630 2705 760 2812 ipsam
779 2729 930 2811 aquam
958 2701 1039 2784 kali
1058 2701 1151 2809 puri
1178 2700 1353 2786 immissi

313 2840 383 2920 rix
401 2841 557 2950 aliquid
574 2841 624 2922 de
644 2837 820 2948 pondere
834 2867 908 2920 suo
924 2839 1129 2921 amittunt
1186 2841 1350 2923 Verun-

160 3017 161 3029 ¹
251 3055 255 3062 ,
311 2991 449 3086 tamen
478 2975 512 3058 ei
540 3005 641 3084 saepe
669 2974 893 3084 impediant
921 2999 1005 3084 quo
1034 2977 1172 3059 minus
1206 2975 1347 3058 calcini

309 3129 546 3214 nascantur3
575 3135 646 3194 aut
660 3113 850 3194 sieorum
861 3109 1158 3219 compaginem,
1170 3111 1248 3194 ubi
1262 3111 1347 3194 nati

308 3271 418 3352 mor,
436 3251 581 3352 laxent,
595 3271 644 3332 ut
662 3247 881 3332 verisimile
895 3247 1069 3348 videtur,
1086 3250 1345 3357 solvantque3

307 3385 440 3492 spinas
448 3407 613 3494 quoque
622 3382 940 3494 etaspretudines
950 3385 1346 3491 aliorumexpoliant,

304 3521 528 3629 praecipuas
536 3521 685 3605 doloris
698 3549 853 3624 causas3
882 3521 1026 3629 utique
1035 3517 1212 3602 remedia
1222 3535 1350 3604 erunt

302 3654 416 3738 haud
434 3659 755 3776 contemnendas
797 3655 974 3740 Memini
988 3654 1251 3764 cal'culosum,
1269 3653 1345 3764 qui'
1474 3731 1475 3735 t

302 3803 423 3899 aquoe
442 3795 527 3876 itali·
543 3797 636 3902 puri
655 3796 905 3890 semunciam
926 3790 1109 3902 quotidie
1128 3791 1276 3875 sumsit
1297 3793 1341 3872 in

300 3921 441 4010 dece'm
460 3955 601 4032 annos,
620 3932 710 4012 sine·
723 3931 897 4012 minima
909 3929 1136 4038 suspicione·
1146 3929 1259 4030 mali,
1270 3947 1340 4010 aut
1473 4037 1474 4052 Ν

295 4063 569 4148 incommodi:
599 4084 639 4150 et
657 4068 726 4148 rix
743 4067 925 4148 dubitari
944 4087 1074 4174 potest
1089 4066 1192 4173 quin
1206 4063 1338 4146 caitu-
1473 4091 1474 4143 t

296 4199 434 4282 lorum
472 4200 757 4311 compaginem
795 4203 1023 4302 laxavisset3
1054 4203 1210 4309 quippe
1238 4212 1362 4281 cum·

135 4381 141 4392 ·
281 4335 416 4419 ‘mina
441 4338 626 4422 exierunt
653 4341 783 4425 untia
814 4337 971 4450 aliquot
997 4338 1336 4448 fragmentorum,
1472 4371 1473 4382 Ν
