3104 5084
697 471 977 648 Μ’

730 943 837 1026 CAt’.
859 944 925 1024 61.

639 1131 642 1140 '
668 1127 737 1210 De
758 1125 962 1208 Mammis.

356 1313 451 1394 LAc
484 1335 570 1396 non
603 1311 770 1394 cessavit
803 1335 1030 1396 mammam
1068 1307 1251 1410 alteram,
1282 1309 1345 1392 vel

302 1429 520 1558 utrimque
539 1449 706 1555 impiere
728 1473 800 1556 per
819 1469 975 1530 menses
1006 1467 1196 1552 quatuor,
1224 1445 1346 1556 quin-

183 1677 187 1690 ,
304 1614 398 1694 que,
426 1614 507 1687 sex,
534 1601 706 1692 septem,
722 1569 860 1692 'atque
897 1564 1037 1666 etiam⁵
1058 1610 1215 1664 annum
1245 1583 1347 1666 inte·

302 1751 440 1830 grum,
451 1744 669 1831 postquam
678 1721 851 1804 infantes
864 1721 1009 1803 remoti
1017 1719 1189 1812 fuerant.
1222 1719 1348 1834 Quae-

303 1860 401 1940 dam
420 1859 560 1942 nutrix
580 1857 724 1940 incidit
743 1859 787 1940 in
807 1857 1042 1956 variolas‚et
1060 1885 1157 1944 cum
1175 1857 1343 1944 morbus

303 1995 580 2100 adsummum
592 1995 849 2102 pervenisset,
860 1996 920 2076 lac
933 2021 1131 2076 mammas
1146 1993 1345 2093 destituit5

303 2131 464 2212 variolis
473 2155 609 2216 autem
620 2129 836 2230 inclinatis,
848 2131 907 2214 lac
919 2129 1032 2214 brevi
1044 2127 1223 2214 ubertim
1233 2129 1344 2210 retti-

304 2290 443 2350 tutum
464 2288 533 2350 cst.
593 2269 784 2350 Foeminae
807 2266 1134 2374 quadragenariae
1153 2293 1343 2354 mammae

304 2428 517 2512 coeperunt
536 2427 706 2506 tumere,
733 2427 772 2488 et
791 2433 890 2486 mox
918 2405 1016 2489 lacte
1036 2403 1208 2510 impletae
1238 2426 1347 2504 sunt,

304 2543 417 2652 quod
430 2571 501 2651 per
512 2567 589 2624 tres
607 2571 762 2624 menses
775 2541 1022 2642 exstillabat3
1051 2541 1238 2650 protinus
1250 2568 1344 2622 veto

303 2701 353 2761 ut
363 2681 426 2762 lac
440 2677 485 2760 in
500 2672 698 2764 mammas
715 2677 839 2760 fluere
853 2679 1046 2780 desiisset,
1064 2677 1211 2760 mulier
1225 2677 1344 2758 haece

303 2816 394 2916 viro
412 2843 487 2898 suo
510 2815 707 2923 concepit,
735 2797 826 2924 quae
846 2843 917 2928 per
936 2845 1004 2898 sex
1023 2842 1150 2896 annos
1178 2813 1344 2921 gravida

303 2977 391 3040 non
408 2950 551 3042 fuerat.
1257 3027 1260 3040 s

359 3087 469 3195 Saepe
492 3087 540 3175 fit
567 3087 613 3170 in
633 3087 850 3208 pperperis,
877 3109 917 3170 et
944 3087 1153 3173 interdum
1180 3085 1226 3166 in
1245 3083 1342 3184 aliis,

305 3246 355 3304 ut
386 3253 576 3312 mammae
610 3225 934 3326 inflammentur,
961 3249 1001 3308 et
1033 3231 1271 3333 suppurent,
1305 3243 1344 3306 et

305 3363 383 3445 late
401 3363 690 3452 exulcerentur.
749 3365 863 3446 Cutis
879 3385 919 3446 et
931 3363 1169 3446 membrana
1183 3361 1343 3468 adiposa

306 3519 403 3580 sunt
421 3500 530 3584 aedes
557 3499 680 3607 hujus
704 3499 883 3601 affectus,
911 3499 985 3608 qui
1012 3499 1141 3600 brevi,
1168 3519 1208 3580 ct
1230 3497 1343 3580 facile

233 3705 239 3714 .
306 3625 484 3736 tanatu'r,
502 3657 541 3718 et
561 3664 723 3742 prorsus
743 3637 924 3720 diversus
944 3659 1004 3720 est
1022 3637 1073 3718 ab
1094 3637 1177 3736 illo,
1196 3635 1242 3718 in
1261 3663 1343 3742 quo

303 3773 505 3884 glandulae
526 3772 634 3855 fiunt
652 3775 873 3877 scirrhosae,
902 3797 941 3858 et
960 3796 1138 3882 spectant
1157 3773 1209 3854 ad
1223 3771 1344 3854 carci-

303 3940 441 4000 noma.
838 3911 842 3922 “

358 4050 556 4133 Mammae
576 4048 754 4149 intentae,
778 4077 873 4130 cum
892 4048 1038 4156 exiguo
1057 4050 1120 4130 vel
1140 4047 1254 4130 nullo
1273 4047 1343 4128 do-

304 4185 400 4285 lore,
427 4187 624 4275 accedunt
642 4186 887 4294 graviditati,
914 4207 953 4266 et
971 4167 1341 4269 menstrttis'fluen-

302 4321 426 4422 tibus,
439 4347 508 4403 aut
524 4323 757 4430 suppressiS,
771 4344 841 4402 aut
853 4313 965 4402 aiit'er
976 4315 1228 4403 inordinatis.
1277 4321 1339 4401 In-

302 4457 466 4550 terdum
494 4487 661 4568 quoque
689 4459 828 4544 dolent
856 4487 1045 4542 mammae
1075 4485 1171 4540 cum
1197 4459 1338 4568 exiguo
