3104 5084
693 373 795 478 263

216 609 429 696 purgante.
491 589 620 702 Quod
654 591 687 672 si
717 619 845 700 quam
872 613 1081 672 menstrua
1109 617 1156 670 ex
1185 587 1263 667 irn-

215 727 381 834 proviso
401 727 598 826 deserant,
618 751 658 810 et
677 731 741 810 vel
764 731 818 810 ob
839 729 957 828 hanc,
984 730 1048 808 vel
1068 727 1121 808 ob
1142 727 1264 806 aliam

215 865 446 972 quamlibet
474 893 651 966 causam,
679 895 726 947 eo
756 890 937 974 tempore
966 865 1162 944 invadant
1190 863 1263 942 do·

213 1001 318 1082 lores
350 1003 503 1108 capitis,
533 1005 702 1108 vertigo,
731 1003 948 1110 lethargus,
977 1002 1041 1082 vel
1070 1023 1264 1106 torpores,

212 1161 255 1218 et
283 1165 424 1218 sensus
463 1141 685 1244 gravitatis,
713 1141 917 1246 oportebit
956 1139 1165 1244 sanguinis
1195 1165 1263 1218 sex

212 1276 356 1356 uncias
376 1275 583 1358 detrahere
598 1304 670 1384 pet
687 1278 962 1358 cucurbitulas
983 1305 1102 1384 super
1121 1269 1263 1384 scapn-¹

211 1413 269 1528 las
290 1413 462 1518 singilis
486 1414 694 1494 mensibus
714 1414 936 1522 impositas,
956 1413 1157 1520 quamdiu
1176 1413 1262 1494 haec

211 1549 323 1629 mala
341 1572 604 1656 perseverent.
661 1551 763 1632 Aliis
793 1549 963 1652 morbis,
992 1549 1026 1630 si
1057 1549 1132 1657 qui
1157 1549 1263 1632 forte
1377 1561 1378 1568 ‘
1481 1529 1485 1536 ¹

213 1687 450 1790 inciderint,
486 1690 651 1798 propria
688 1719 762 1772 sua
801 1691 979 1772 remedia
1016 1713 1113 1772 sunt
1150 1689 1265 1770 adhi-

209 1825 362 1908 benda.
422 1827 472 1906 In
490 1827 601 1908 malo
620 1828 800 1934 corporis
819 1827 977 1930 habitu,
995 1825 1070 1908 ubi
1090 1828 1265 1908 verenda

212 1985 315 2044 sunt
328 1984 401 2045 aut
419 1963 523 2046 cutis
540 1963 652 2064 vitia,
670 1988 742 2046 aut
760 1965 1003 2066 carcinoma,
1030 1967 1094 2046 vel
1113 1966 1264 2046 resolu-
1343 2017 1351 2043 t

213 2097 360 2200 tiones,
374 2100 473 2182 utile
485 2101 561 2183 erit
573 2102 688 2183 ulcus
701 2101 840 2210 aliquo
852 2103 941 2184 loco
952 2103 1191 2204 excitatum3
1219 2103 1264 2184 in

211 2236 302 2319 aliis
322 2237 367 2318 id
394 2259 485 2320 tuto
504 2259 636 2346 potest
657 2239 804 2322 omitti.

268 2375 441 2458 Verulae
452 2374 663 2457 interdum
682 2377 821 2458 revisit
846 2359 1055 2462 menstrua
1074 2380 1264 2486 purgatio
1363 2397 1366 2410 ·

207 2533 436 2624 postquam
464 2513 619 2595 diutius
648 2512 765 2596 finita
793 2537 918 2616 esset3
947 2539 1041 2597 tum
1069 2545 1193 2624 saepe
1198 2519 1264 2606 vel

213 2649 340 2734 nimis
377 2649 545 2757 profusa
581 2673 652 2751 est,
690 2651 821 2731 vel
792 2680 959 2760 signum
995 2653 1153 2753 ulceris,
1191 2641 1263 2742 aut

213 2785 496 2870 carcinomatis
525 2787 571 2868 in
599 2812 741 2890 uter03
772 2791 925 2898 quibus
954 2791 1071 2870 malis
1102 2791 1263 2893 auxilia,

212 2951 306 3034 quae
336 2953 458 3032 supra
476 2927 657 3034 exposui,
683 2949 780 3008 sunt
809 2927 1073 3008 admovenda.
1134 2929 1264 3042 Quod

214 3061 248 3142 si
275 3083 487 3144 menstrua
519 3085 712 3146 consueto
740 3087 922 3170 ternpore
954 3063 1194 3166 deficientia,
1222 3087 1263 3149 et

206 3200 369 3286 ,multos
399 3227 526 3282 annos
550 3201 1032 3308 -interruissa„coeperint
1063 3204 1263 3306 renovari,

215 3334 518 3446 circuitumque
543 3359 715 3440 certum,
731 3347 783 3422 'et
795 3337 958 3446 justum
986 3339 1161 3456 modum
1180 3367 1261 3421 ser·

216 3496 326 3576 vent,
354 3501 415 3556 res
444 3497 528 3564 tota
556 3498 710 3558 natura
740 3475 1011 3584 permittenda
1037 3497 1110 3578 est,
1137 3477 1258 3558 nullis

217 3611 520 3706 medicamentis
540 3614 727 3698 turbata.
