3002 5086
615 456 716 554 ees
757 399 762 404 ⁵

140 667 283 768 moris,
302 693 387 774 quo
405 663 595 746 intestina
609 666 827 772 replentur,
846 665 956 746 viam
971 665 1049 748 sibi
1064 665 1187 749 faciat

139 807 186 886 in
205 807 360 903 alvum,
388 825 428 884 et
453 801 673 908 dejiciatur.
733 804 826 882 Hoc
846 803 944 882 novi
972 803 1188 910 contigisse

139 967 288 1050 paucas
304 962 467 1022 tantum
482 939 599 1020 horas
614 961 834 1046 antequam
857 961 1042 1020 extremae
1058 963 1187 1046 partes

138 1079 341 1186 coeperint
359 1077 583 1184 frigescere,
601 1097 732 1156 morte
751 1076 866 1156 brevi
881 1077 1157 1158 subsecutura.

196 1216 340 1296 Incisis
384 1213 648 1322 quorundam
684 1213 946 1294 cadaveribus
984 1215 1061 1296 ileo
1099 1245 1188 1322 per-

140 1373 366 1452 emtorum,
395 1349 586 1456 quadam
609 1371 738 1456 partes
767 1350 1056 1431 intestinorum
1083 1377 1190 1434 arcte

138 1489 370 1571 constrictas
381 1487 551 1568 fuenrnt
563 1485 632 1586 sic,
644 1505 691 1566 ut
703 1509 921 1594 postquam
932 1485 1039 1568 ferro
1048 1489 1186 1593 divisae

138 1651 253 1727 sunt,
272 1651 416 1708 eorum
435 1621 620 1705 foramen
638 1625 808 1704 omnino
828 1623 951 1705 deleri
966 1623 1184 1708 videretur.

138 1765 189 1844 ln
201 1763 290 1844 aliis
304 1781 467 1868 repertae
481 1759 873 1842 suntintestinorum
885 1781 1014 1868 partes
1027 1759 1190 1843 inflam-

137 1921 276 2000 matae,
304 1919 375 1980 aut
405 1919 606 1998 mortum
634 1923 842 2004 nusquam
870 1925 966 1979 vero
995 1921 1065 1979 aut
1092 1927 1191 1980 con-

137 2035 304 2136 strictae,
322 2056 393 2116 aut
412 2034 559 2141 quovis
579 2033 704 2114 modo
722 2033 937 2140 impedita.
995 2035 1086 2138 Vir,
1114 2035 1190 2143 qui

137 2171 287 2254 hernia
321 2171 365 2252 in
397 2170 567 2277 inguine
596 2169 671 2254 diu
704 2171 965 2271 laboraverat,
992 2171 1070 2254 ileo
1100 2201 1189 2254 cor-

138 2332 281 2418 reptus
305 2307 449 2416 periit,
478 2327 532 2408 at,
560 2307 688 2389 inciso
718 2307 920 2408 cadavere,
947 2309 1190 2392 intestinum

138 2445 243 2527 adeo
262 2421 350 2526 laxe
370 2443 529 2551 jacebat
551 2443 597 2524 in
615 2443 798 2550 inguine,
825 2465 873 2526 ut
891 2445 976 2526 duo
1005 2446 1124 2552 digiti
1143 2449 1188 2528 in

138 2581 255 2662 idem
270 2580 457 2662 foramen
476 2579 591 2662 facile
610 2579 945 2682 admitterentur3
973 2607 1064 2690 pars
1084 2611 1189 2692 quo-

139 2747 227 2826 que
261 2717 444 2800 intestini
474 2717 552 2799 hoc
582 2717 735 2797 annulo
764 2717 1026 2815 circumdata,
1055 2723 1189 2803 multo

138 2856 284 2936 minus
303 2856 394 2936 laesa
411 2853 558 2956 fuerat,
585 2881 714 2962 quam
734 2881 824 2960 quae
853 2855 899 2934 in
917 2877 1098 2938 scrotum
1120 2859 1189 2940 de-

139 2991 366 3092 scenderat,
385 3021 477 3100 quae
497 2989 615 3099 nigra
628 3012 713 3072 erat
730 3011 770 3071 et
787 3013 983 3072 emortua
1043 2993 1189 3106 Quan-

140 3149 240 3220 tum
257 3129 334 3210 illae
363 3148 454 3240 post
474 3141 659 3209 mortem
677 3147 843 3208 mutatae
863 3127 957 3229 sint,
985 3127 1188 3211 incertum

138 3285 215 3347 est.
274 3267 324 3344 In
355 3266 479 3345 altero
497 3263 693 3346 dimidius
724 3265 904 3346 ambitus
938 3267 1188 3348 membranas
1238 3251 1241 3259 ⁵

139 3399 223 3482 coli
241 3401 460 3502 exterioris,
488 3401 676 3508 quinque
700 3401 862 3508 pollices
891 3402 1052 3508 longus,
1079 3404 1188 3514 nigri

139 3557 231 3622 erat
258 3537 430 3638 coloris,
443 3537 632 3646 quamvis
655 3539 819 3618 nullum
846 3537 1190 3644 impedimentum
1272 3529 1277 3536 ’

139 3671 278 3777 detegi
297 3675 441 3778 potuit.
501 3676 550 3754 ln
564 3673 746 3774 muliere,
762 3701 852 3782 quae
868 3675 1027 3756 decimo
1042 3699 1189 3784 quarto

139 3807 210 3890 die
238 3809 413 3890 extincta
431 3831 503 3912 eet,
530 3811 675 3916 exigua
694 3837 784 3918 pars
815 3812 963 3926 tunicae
992 3813 1188 3916 intestini,

139 3943 389 4026 'extrinsecus
419 3948 555 4064 oculos
578 3947 754 4055 fugiens,
781 3948 827 4030 in
845 3949 1002 4054 inguen
1028 3949 1188 4056 delapsa

142 4099 243 4182 erat,
271 4103 312 4163 et
335 4105 552 4188 gangraena
580 4107 797 4193 occupata3
827 4085 897 4166 sed
915 4111 988 4166 nec
1023 4105 1188 4186 stercus,

143 4237 220 4298 nec
239 4219 452 4324 quodlibet
470 4221 581 4302 aliud
600 4221 943 4330 impedimentum
961 4242 1055 4302 erat.

201 4353 263 4448 Et
281 4353 435 4464 iisque
450 4357 679 4464 dictasunt,
698 4379 806 4468 patet
818 4359 943 4442 ileum
957 4385 1039 4442 esse
1054 4355 1188 4472 ispius-
