3016 5076
771 503 839 599 38

282 731 428 818 pereat.
485 709 766 790 Veruntamen
795 707 842 790 in
860 707 1067 791 nonnullis
1087 711 1277 794 valetudo
1301 743 1326 797 a

282 833 419 955 prima
451 874 582 954 usque
618 844 810 954 podagrae
842 845 1063 927 accessione
1099 849 1328 954 perturbari
1363 869 1364 874 ‘

283 984 421 1089 coepit,
449 1005 489 1064 et
507 1009 554 1063 ex
574 981 643 1062 illo
662 979 707 1061 in
725 979 987 1089 pejus'ruere,
1014 981 1143 1064 dones
1162 1011 1327 1092 prorsus

284 1139 550 1227 conquassata
580 1117 646 1218 sit,'
671 1139 711 1198 et
730 1117 846 1224 plane
873 1117 1037 1226 perdita.
1095 1120 1144 1200 In
1163 1121 1330 1227 quibus,

267 1257 376 1346 ¹licet
403 1256 590 1336 dubitare
608 1253 824 1362 possimus,
851 1254 1030 1360 podagra
1048 1281 1174 1337 necne
1201 1257 1328 1340 fuerit

283 1367 436 1474 horum
472 1393 677 1473 malorum
710 1419 859 1490 tausa3
884 1389 934 1469 do
962 1391 1031 1470 illo
1059 1413 1197 1474 tamen
1231 1395 1329 1476 certi
1397 1449 1402 1456 -

285 1555 441 1628 sumus,
460 1527 574 1636 quod
592 1555 678 1608 non
696 1525 821 1612 fuerit
840 1527 1078 1608 remedium.

340 1667 390 1745 In
409 1685 566 1746 vetusta
584 1663 808 1762 arthritide,
836 1663 951 1769 quod
978 1684 1072 1744 ante
1090 1665 1329 1766 memoravi,

285 1801 407 1917 dolor=
415 1801 555 1880 mitior
569 1828 651 1881 esse
662 1799 885 1900 consuevit,
904 1825 1031 1906 quarn
1042 1799 1087 1878 in
1099 1803 1277 1902 recentis
1289 1823 1329 1884 et

286 1937 383 2017 hinc
397 1935 569 2018 forsitan
581 1934 750 2017 creverit
762 1934 914 2041 opinio,
926 1935 1038 2016 illam
1053 1937 1329 2026 valetudinem

287 2072 338 2152 ab
358 2071 578 2153 imminuta
595 2099 640 2152 ac
669 2069 877 2152 deficiente
896 2069 1075 2178 podagra
1093 2071 1206 2172 oriri,
1235 2101 1327 2182 quae

288 2209 351 2290 vel
370 2198 797 2315 aetati'ingravescenti
816 2209 880 2287 vel
898 2207 983 2288 aliis
1003 2208 1171 2309 morbis,
1184 2211 1250 2292 vel
1269 2229 1329 2294 re·

287 2345 420 2454 petitis
449 2345 574 2452 ipsius
607 2345 795 2452 podagrae
826 2343 1118 2426 accessionibus
1146 2325 1330 2430 immm-

233 2539 235 2544 ·
287 2482 412 2564 modo
431 2483 611 2564 debetur.

344 2619 521 2700 Memini
554 2619 762 2727 quendam
805 2645 877 2725 per
919 2617 1156 2726 quindecim
1199 2614 1330 2708 annos

260 2768 262 2772 ’
289 2755 499 2838 arthritide
522 2755 740 2863 quotannis
760 2754 970 2853 laborasse,
999 2777 1039 2836 et
1056 2754 1199 2836 eodem
1226 2777 1332 2838 tem·
1382 2771 1412 2844 “.

289 2921 386 3002 pore
414 2889 648 2974 difficultate
668 2890 843 2998 spirandi
876 2915 1032 2996 semper
1049 2889 1173 2972 fuisse
1201 2915 1332 2975 tente-

289 3051 404 3112 tum:
433 3027 599 3110 tandem
616 3054 712 3108 vero
738 3025 916 3133 corporis
945 3027 1232 3109 constitutions
1260 3029 1332 3110 ad-

290 3167 464 3249 modum
490 3163 708 3264 infirmata‚
735 3185 774 3250 et
799 3161 935 3246 fractis
964 3155 1134 3244 omnino
1160 3163 1332 3267 viribus,

182 3366 185 3374 .
289 3303 361 3410 per
376 3301 723 3410 quinquennium,
734 3299 894 3381 tamdiu
904 3299 1016 3380 enim
1027 3301 1185 3407 languit
1199 3303 1332 3408 prius·
1389 3361 1410 3402 ,-
1487 3367 1488 3370 ¹

290 3445 418 3547 quam
437 3443 676 3537 moreretur,
694 3463 767 3517 nec
787 3435 957 3536 asthma,
975 3465 1049 3518 nec
1076 3435 1332 3522 arthritidem

289 3592 501 3684 expertum
519 3603 611 3656 esse.
672 3573 799 3686 Quod
818 3573 852 3654 si
871 3599 993 3654 nemo
1019 3573 1097 3656 sibi
1115 3576 1333 3682 persuasis·

290 3733 362 3812 set,
393 3711 498 3792 hanc
531 3710 731 3816 perditam
763 3707 1039 3791 valetudinem
1066 3709 1159 3792 ideo
1192 3739 1331 3820 super·

290 3848 457 3947 venisse,
469 3847 566 3955 quia
578 3845 930 3928 asthmacessasset
943 3845 1096 3945 venire3
1117 3847 1330 3954 curmagis

290 3985 480 4066 credibile
492 4000 560 4066 est
565 4011 655 4064 earn
670 3981 722 4062 ad
735 3981 958 4090 podagram
972 3981 1257 4064 subsistentem
1271 4011 1332 4065 re-

290 4121 387 4202 ferri
406 4123 608 4228 oportere?
635 4117 903 4237 vehementia
931 4117 1080 4200 doloris
1109 4119 1330 4201 articularis

291 4285 377 4340 non
395 4257 520 4338 modo
538 4283 624 4337 non
652 4253 814 4363 prodest
833 4253 1006 4354 sanitati,
1033 4282 1178 4337 verum
1195 4255 1331 4363 aliqua

291 4423 340 4490 ex
353 4416 466 4527 parte
478 4393 640 4477 videtur
650 4387 824 4490 efficere,
841 4412 890 4474 ut
907 4387 952 4473 in
970 4389 1041 4482 his
1053 4391 1185 4496 citius,
1204 4419 1330 4501 quam
