3016 5076
653 461 747 572 49'

165 673 353 774 cementi,
364 693 434 754 aut
445 697 612 780 parvam
624 669 710 778 ejus
721 669 1038 778 expectationem
1045 695 1207 756 movere

163 811 297 912 debet,
326 809 441 918 quod
470 797 521 890 de
542 809 712 908 cobene
741 835 897 916 sperare
917 809 1036 890 variae
1055 831 1207 916 gentes,
1319 864 1324 875 x

165 971 204 1028 et
217 948 396 1066 plurima
410 947 565 1046 secula,
584 947 868 1027 consenserint.
917 945 985 1026 Ad
998 945 1110 1028 hunc
1125 946 1208 1028 fere

161 1083 341 1166 modum
351 1083 484 1190 pulvis
497 1082 772 1164 Portlendicus
785 1081 837 1164 ad
844 1080 998 1164 famam
1010 1083 1204 1189 pervenit.

162 1219 271 1300 Nam
286 1219 581 1301 medicamenta
595 1219 805 1326 simplicia,
824 1247 915 1325 quae
930 1219 1052 1300 habet
1065 1219 1098 1298 is
1114 1203 1205 1326 pul·

158 1355 237 1464 pis,
252 1355 629 1438 antanhriticorum
638 1356 913 1437 remediorum
923 1383 1075 1436 nomen
1084 1355 1204 1464 adep-

162 1513 309 1576 tasunt
319 1522 344 1575 a
354 1491 474 1574 variis
486 1491 748 1599 scriptoribus
761 1515 847 1574 tam
858 1491 1059 1572 veteribus
1075 1519 1205 1600 quam

160 1626 406 1713 hodiernis*.
465 1631 574 1710 Cum
591 1657 686 1710 vero
703 1629 879 1710 arthrisis
895 1627 1075 1731 maxime
1085 1649 1204 1712 nocet

160 1767 384 1868 stomacho,
411 1789 460 1850 ut
483 1793 557 1848 nec
579 1787 738 1872 appetat
760 1793 875 1871 eger,
903 1793 1035 1874 neque
1057 1793 1203 1846 conco-

161 1925 262 2012 quat
291 1903 403 1986 cibos
433 1903 539 1986 sicut
565 1902 767 2001 assuevit3
795 1902 880 1983 veri
903 1929 989 1982 non
1007 1901 1202 1986 dissimile

160 2061 233 2142 est,
259 2039 457 2122 morbum
486 2039 598 2120 hunc
632 2038 731 2120 adeo
765 2038 937 2122 coe'rceri
969 2067 1014 2120 ac
1027 2040 1202 2146 ¹reprimi

161 2203 275 2284 posse
294 2178 346 2260 ab
363 2177 417 2260 iis
431 2178 552 2260 rebus
577 2204 668 2284 quae
687 2177 775 2256 vim
793 2177 945 2256 addant
962 2177 1201 2280 ventriculo,

160 2337 208 2396 ut
220 2315 255 2396 si
270 2315 357 2422 ipsa
371 2315 476 2396 salus
491 2342 577 2396 non
591 2314 643 2396 sit
654 2313 844 2414 reditura,
864 2314 1005 2394 saltem
1018 2314 1201 2426 multum

162 2451 414 2535 allevamenti
432 2451 527 2536 inde
540 2451 633 2559 jure
652 2451 800 2559 sperari
820 2451 955 2559 possit.

211 2589 349 2670 Pulvis
366 2590 641 2672 Portlandicus
656 2587 820 2672 infamis
831 2589 961 2672 factus
977 2609 1199 2696 cermagna

159 2751 207 2808 ex
225 2747 337 2833 parte
355 2727 410 2810 ob
428 2726 626 2834 grandem
645 2726 730 2834 ejus
753 2727 917 2828 molem,
945 2753 1074 2835 quam
1101 2753 1200 2810 cum

159 2863 277 2970 pauci
288 2863 480 2948 devorare
491 2885 666 2972 possent,
676 2885 813 2946 tamen
824 2863 1001 2946 fautores
1012 2864 1096 2971 ejus
1110 2893 1199 2946 om-

156 2999 280 3092 nibus
300 3000 575 3084 devorandam
589 3001 863 3108 imperabant3
892 3023 984 3082 turn
999 3003 1097 3108 quia
1112 3027 1199 3081 non

157 3137 318 3239 morbo,
340 3138 410 3220 sed
424 3139 602 3220 remedio
613 3137 713 3246 ejus,
734 3138 935 3246 imputata
948 3159 1046 3220 sunt
1059 3137 1200 3218 omnia

153 3272 222 3356 illa
240 3275 347 3358 mala
365 3303 457 3384 quae
471 3277 741 3384 propriarum
753 3275 990 3376 arthritidis,
1008 3296 1048 3357 et
1060 3274 1198 3380 praeci-

151 3439 231 3519 pue
249 3413 449 3522 paralyses
467 3435 508 3496 et
525 3411 766 3521 apoplexiae3
795 3439 887 3520 quae
902 3411 1073 3520 quidem
1090 3411 1197 3492 mihi

153 3575 241 3632 non
270 3549 452 3632 dubium
479 3573 540 3634 est
562 3551 667 3660 quin
697 3550 750 3632 ad
779 3545 1037 3632 arthritidem
1059 3575 1198 3632 revera

153 3687 394 3794 pertineant,
413 3687 613 3795 quoniam
631 3687 676 3768 in
692 3714 779 3768 non
790 3687 928 3794 paucis
940 3709 1083 3770 secutae
1099 3707 1198 3768 sunt

152 3823 346 3930 longaset
360 3823 615 3906 vehementes
628 3824 813 3932 podagrae
827 3824 1079 3907 accessiones.
1128 3825 1197 3906 Eae

152 3983 258 4044 certe
286 3983 385 4044 sunt
406 3959 529 4068 hujus
548 3961 725 4068 pulveris
745 3981 970 4068 potestates,
998 3984 1047 4044 ut
1065 3987 1195 4069 operae

152 4097 332 4204 pretium
341 4095 479 4198 fuerit,
497 4121 590 4206 quae
601 4097 647 4178 in
657 4097 727 4178 illo
739 4123 863 4205 prava
874 4117 983 4198 sunt,
997 4097 1195 4204 corrigere

191 4335 210 4372 ⁶
222 4331 300 4393 Vide
318 4327 450 4392 Medical
470 4330 680 4394 observatione
695 4314 762 4394 ¹und
782 4311 936 4410 Enqnirier
956 4331 996 4410 by
1008 4295 1199 4406 asneisyof

156 4429 285 4499 London
297 4431 477 4512 Phyrieians,
499 4432 560 4497 rol.
573 4435 594 4497 ἰ.
606 4449 663 4496 are
680 4437 728 4506 14.

673 4640 676 4647 s
