3104 5084
704 495 803 590 325

253 725 363 802 sunt,
381 731 435 787 eae
465 703 589 784 modo
609 701 723 788 valde
752 703 892 810 amplae
912 703 1025 786 factae
1052 706 1152 808 sint,¹
1164 707 1289 790 modo

251 840 443 946 duplices,
471 839 527 920 ita
545 860 598 966 ut
612 839 646 919 si
673 867 721 920 ex
744 839 922 940 hisuna,
950 841 1012 922 vel
1031 868 1120 948 pars
1140 844 1289 950 aliqua,

251 1003 346 1058 casu
356 976 552 1058 morbove
563 975 743 1075 laedatur,
755 977 926 1082 supersit
934 1001 1070 1058 tamen
1082 1001 1286 1085 quantum

249 1111 301 1194 ad
321 1141 417 1193 usus
438 1135 594 1194 nostros
615 1138 701 1192 non
729 1113 833 1192 male
852 1114 1087 1220 suppeditet.
1146 1115 1284 1220 Hujus

248 1249 408 1353 providi
427 1249 693 1356 benerolique
720 1248 876 1330 consilii
902 1251 1133 1356 exemplum
1160 1251 1283 1332 habe·

248 1411 341 1464 mus
361 1386 404 1464 in
420 1387 634 1492 pulmone:
665 1387 741 1491 qui
757 1413 854 1466 cum
868 1385 911 1465 in
930 1409 1059 1493 partes
1078 1387 1178 1467 duas
1198 1387 1281 1468 fere

247 1507 653 1628 aequales'dividatur,
681 1522 801 1602 altera
819 1525 1037 1623 extenuari,
1069 1545 1108 1603 et
1133 1522 1216 1605 fere
1234 1525 1279 1604 in
1326 1575 1329 1582 ,

247 1659 423 1740 nnuum
431 1659 558 1764 redigi
566 1681 707 1765 potest,
718 1680 757 1739 et
768 1633 888 1739 alera
896 1659 1017 1740 amur
1029 1659 1139 1740 haus
1147 1661 1277 1742 meri.

135 1791 144 1799 ’
245 1795 389 1876 ocriter
408 1771 635 1876 labefactari
650 1830 660 1895 ;
696 1795 808 1902 quod
823 1797 953 1902 patuit
971 1796 1105 1876 incisis
1121 1796 1277 1876 tabido-

244 1956 338 2010 rum
353 1932 626 2031 cadaveribus,
647 1954 686 2012 et
699 1931 853 2012 factum
871 1931 995 2012 fuisse
1014 1931 1201 2013 credibile
1220 1955 1279 2016 est

244 2063 742 2174 aliqua'mdiu'priusquam
757 2091 1019 2147 morerentur.
1041 2069 1165 2148 Multi
1174 2097 1277 2176 quo·

245 2229 325 2308 que
339 2203 529 2303 tussiunt,
548 2226 587 2284 et
598 2203 853 2284 vehementer
868 2203 1034 2310 spirant,
1048 2226 1087 2284 et
1102 2205 1275 2288 subinde

242 2365 427 2418 cruorem
446 2361 659 2444 exspuunt,
676 2367 746 2444 per
765 2361 891 2418 totam
908 2363 1077 2438 atatem,
1097 2341 1169 2446 qui
1189 2369 1274 2422 non

243 2475 375 2555 solum
392 2476 550 2575 vivunt,
568 2475 636 2554 sed
651 2475 772 2556 etiam
784 2477 867 2556 vita
884 2474 1091 2556 fruuntur.
1151 2479 1274 2560 Unde

240 2611 428 2694 credibile
447 2609 495 2691 fit
513 2611 638 2706 vitam
658 2639 770 2716 posse
790 2634 982 2711 constare,
1010 2635 1130 2718 atque
1150 2615 1272 2696 etiam

162 2731 163 2737 Ν
243 2741 513 2829 valetudinem
531 2775 616 2828 non
644 2757 885 2852 magnopere
914 2751 1153 2854 perturbari,
1181 2751 1272 2834 licet

239 2887 348 2966 bona
360 2870 448 2992 pars
464 2885 667 2992 pulmonis
681 2905 750 2964 aut
764 2883 917 2982 inutilis
933 2883 1037 2966 facta
1051 2885 1185 2986 fuerit,
1201 2912 1271 2970 aut

238 2995 408 3128 perierit.
467 3023 607 3127 Itaque
622 3043 837 3126 postquam
849 3021 1056 3102 tubercula
1071 3043 1271 3106 strumosa

237 3135 1270 3268 pulmonemvitiaverint,partesquenonnullascum

189 3269 195 3279 .
236 3297 327 3392 aliis
342 3293 719 3400 conglutinaverint,
748 3294 944 3399 quasdam
963 3295 1083 3376 etiarn
1108 3298 1267 3401 penitus

220 3432 528 3528 'absumserint3
557 3429 682 3510 homo
711 3451 846 3511 tamen
868 3429 1012 3531 vivere,
1036 3455 1075 3512 et
1103 3459 1187 3533 non
1206 3434 1268 3514 in-

234 3567 447 3650 commode
473 3567 600 3646 valere
628 3587 771 3672 posset,
798 3565 922 3645 modo
950 3567 1112 3648 daretur
1141 3597 1267 3652 reme-

233 3705 365 3805 dium,
392 3704 505 3812 quod
524 3703 718 3783 morbum
737 3704 843 3783 intra
863 3726 988 3784 certos
1009 3703 1107 3788 fines
1137 3709 1268 3790 conti-

231 3863 354 3957 neret.
412 3840 598 3940 Phthisis,
617 3867 707 3946 quae
727 3867 774 3922 ex
793 3840 880 3919 labe
894 3841 1074 3920 Veneres
1092 3821 1184 3927 orta
1193 3867 1266 3945 est,

232 4007 332 4086 saepe
346 3977 599 4084 gravissimas
615 4003 737 4056 noxas
751 3975 903 4076 intulit,
918 3999 957 4057 et
972 3949 1097 4058 vitam
1113 3978 1155 4057 in
1172 4007 1263 4082 pro-

229 4117 436 4222 pinquum
463 4112 680 4212 discrimen
700 4111 891 4210 adduxit3
920 4113 1102 4192 adhibito
1126 4135 1276 4193 tarnen'

228 4253 392 4360 proprio
410 4249 525 4330 istius
538 4250 681 4330 veneni
696 4248 885 4345 remedio,
901 4277 1002 4352 aeger
1017 4271 1157 4354 praeter
1174 4279 1261 4328 om*

226 4389 345 4472 nium
360 4413 472 4498 spem
486 4385 703 4488 convaluit,
718 4411 955 4492 quanquam
968 4386 1110 4493 pulmo
1123 4391 1258 4470 omnia
