2990 5078
167 667 348 748 tontum
366 669 463 746 e'dn‘r
482 689 584 772 eaepe
602 673 650 746 ex'
665 663 818 746 cerebri
836 663 962 774 ipsius
978 663 1085 746 vitiis
1098 665 1207 748 oriri.-

164 800 304 908 Hnjue
316 798 497 910 profecto
509 801 647 884 morbi
658 801 782 902 sedet,
793 823 834 884 et
846 803 968 910 longa
979 801 1064 909 ejus
1080 831 1208 902 mora,

163 949 202 1018 tt
221 938 354 1020 crebri
373 939 540 1040 reditus,
560 939 654 1046 jure
673 949 837 1046 possent
853 939 1032 1022 incutere
1047 961 1208 1023 metum
1252 963 1255 970 ’

163 1075 307 1182 magni
318 1075 532 1182 cujusdam
542 1075 776 1158 detrimenti
789 1075 1062 1176 subsecuturo
1093 1076 1207 1183 qnod

161 1225 455 1297 tamencontra
469 1213 527 1297 fit.
585 1218 752 1298 Atr'oces
767 1216 879 1298 enim
893 1215 1033 1322 capitio
1047 1215 1205 1301 dolores

163 1353 384 1434 nonnullos
398 1351 623 1460 fatigarunt
637 1361 708 1460 per
723 1361 852 1434 t'otam
862 1352 945 1434 fere
960 1351 1101 1452 vitane
1115 1354 1205 1434 absa

126 1467 127 1470 i
165 1501 245 1594 qn'e
264 1517 313 1570 eo
339 1511 389 1572 ut
406 1491 471 1572 r'el
498 1517 608 1572 mors
638 1491 933 1590 acceleraretur,⁸
961 1490 1024 1572 vel
1050 1490 1205 1596 ingenii

164 1612 267 1708 vires
286 1627 591 1727 minuerentur}
620 1649 661 1708 at
679 1625 754 1708 ubi
772 1627 896 1710 dolo'r.
913 1625 1205 1734 conquieverit,

163 1763 262 1870 aegn'
280 1791 421 1846 ornnes
434 1792 508 1864 ree,
524 1763 628 1846 sicut
644 1786 777 1864 antea,
790 1763 1087 1872 ministrarunt
1134 1765 1206 1844 Pas

163 1899 339 2008 ralyseoe
352 1901 551 1984 levissima
560 1901 730 1982 accessio
738 1902 858 2006 longe
870 1901 959 2006 plut
972 1897 1206 1984 detrimenti

163 2033 437 2144 affernquam
451 2038 590 2146 eapitis
603 2035 1042 2137 doloreevehementee5
1055 2037 1206 2119 crebri-⁸

161 2199 257 2281 que,
271 2203 294 2254 a
309 2175 480 2281 pueritia
498 2203 629 2283 usque
642 2175 693 2256 ad
704 2175 917 2256 senectutis
933 2175 1112 2258 initium.
1154 2145 1208 2256 Iit

161 2308 241 2392 hoc
275 2312 398 2418 longo
428 2299 647 2394 certamine
676 2312 865 2394 valetudo
895 2313 1072 2418 corporis
1103 2314 1205 2396 adeo

160 2477 249 2530 non
261 2450 505 2551 succumbit,
516 2473 563 2532 ut
575 2427 770 2530 morbum
784 2447 950 2531 tandem
961 2451 1099 2556 iprum
1113 2451 1205 2530 vin-2

158 2615 251 2670 cere
263 2587 460 2688 rideatur,
473 2616 597 2696 quem
606 2587 832 2696 quidemex
844 2587 1069 2670 innumeris
1083 2588 1204 2694 aegrie

157 2725 289 2806 didici
323 2736 435 2806 etate
463 2725 762 2830 ingrareeoente
796 2723 884 2806 fieri
913 2725 1132 2827 mitiorem,
1164 2747 1204 2808 et

156 2864 515 2969 demum‘pr'orsns
535 2859 656 2944 finirit
717 2863 827 2974 Quae
849 2889 909 2944 ree
925 2861 1058 2944 ricem
1076 2875 1205 2946 remea

156 2999 224 3080 dii
250 3000 421 3112 implere
435 3000 568 3100 debet,
596 2999 671 3082 ubi
690 2999 829 3080 omnia
857 3000 1034 3080 remedia
1053 2999 1205 3082 frustra

156 3135 355 3216 fu'erunt:
384 3135 496 3218 haud
524 3137 612 3218 lere
639 3135 751 3218 enim
780 3144 886 3242 aegr'o
915 3137 1105 3218 solatium
1133 3163 1206 3242 eet,

157 3299 281 3354 noeee
295 3273 491 3354 morbum
510 3299 647 3374 sunm,
661 3271 735 3380 qui
749 3273 1052 3354 medicamentis
1068 3273 1207 3358 cedere

156 3401 337 3511 recusat·
351 3409 525 3516 tempori
543 3408 708 3490 tandem
723 3435 804 3490 esee
820 3421 1039 3494 remmom.
1089 3413 1206 3495 Idem

157 3555 332 3653 qnoque
343 3546 473 3626 exitus
485 3567 545 3628 eet
558 3545 673 3630 istius
686 3545 835 3626 doloris
849 3545 1002 3654 capitis,
1014 3549 1088 3654 qni
1103 3549 1204 3634 inci-

157 3683 227 3794 pit
246 3711 269 3762 a
287 3683 458 3789 caligine
477 3685 702 3765 oculorum.

221 3819 498 3921 Hemicra'nia,
525 3821 607 3902 eive
622 3819 739 3902 dolor
758 3821 920 3902 dimidii
949 3813 1103 3930 c'apitie,
1132 3852 1206 3907 no-

156 3969 260 4038 r'nen
271 3957 376 4038 inter
387 3957 565 4038 medicos
581 3977 732 4040 veteres
748 3959 942 4058 obtinuit,
958 3987 1042 4066 quo
1054 3961 1106 4040 ab
1120 3963 1206 4044 aliie

158 4091 304 4198 capitis
333 4089 543 4174 affectibus
567 4093 860 4200 distinguitur3
888 4089 1025 4176 tamen
1044 4123 1092 4176 ex
1121 4117 1207 4178 tam

155 4229 282 4336 longa
306 4230 552 4336 experientia
579 4230 770 4312 nondum
794 4231 1028 4333 didicimus,
1056 4255 1205 4338 proeter

150 4363 313 4468 ¹sedem,
342 4365 629 4474 quodnameit
656 4368 877 4456 discrimen
894 4367 1000 4452 inter
1028 4367 1140 4454 hunc
1168 4391 1210 4454 et

654 4529 723 4588 αα
