2990 5078
749 473 759 494 ²
798 463 896 565 tta

324 673 543 786 aliquando
557 677 810 784 parumlevis
824 699 893 762 eet
924 677 1034 759 Raro
1053 675 1113 778 fit,
1126 678 1364 786 uthaepuea
1491 673 1492 684 '

323 817 418 908 tulae
432 814 667 896 desinantin
677 815 812 896 ulcera
822 815 946 915 mal'a3
966 841 1206 922 quanquam
1217 818 1262 897 in
1273 839 1363 898 cor·-
1491 867 1492 928 3

323 977 420 1059 pore
449 949 576 1050 senili,
602 971 674 1030 aut
696 950 793 1030 mali
815 949 993 1051 habitur,
1021 951 1133 1036 tarde
1156 975 1359 1034 sanentun
1491 973 1492 1028 3

321 1085 401 1169 Sed
418 1087 596 1168 maxima
615 1088 1122 1195 paremorbieaepereetat,
1142 1110 1363 1196 postquam
1491 1107 1492 1194 ξ

297 1219 300 1229 ’
322 1224 498 1330 puttulae
516 1249 678 1330 prorsus
693 1224 996 1338 contabuerint²
1009 1247 1051 1307 et
1065 1215 1150 1307 cuti
1164 1225 1276 1306 color
1289 1251 1364 1306 na-
1491 1223 1492 1226 ‘

325 1357 830 1446 curalisfueritreatitutue.
862 1360 1028 1472 Quippe
1043 1359 1253 1442 interdum
1265 1361 1365 1442 eub-
1491 1345 1492 1434 ἰ

323 1517 482 1577 secutur
494 1519 553 1578 eet
563 1497 680 1594 dolor
690 1520 874 1604 pungens
886 1518 926 1578 et
938 1497 1095 1597 urdene,
1109 1497 1183 1605 qui
1198 1519 1362 1606 aegrum

321 1629 507 1738 fatigavit
521 1659 592 1739 per
610 1633 766 1741 aliquo't
776 1659 945 1733 menses,
956 1635 1019 1715 vel
1034 1633 1157 1716 etiam
1171 1635 1216 1714 in
1231 1657 1361 1714 armoe

322 1769 426 1851 duos
439 1771 502 1851 vel
513 1792 606 1869 crea,
617 1795 750 1876 neque
760 1769 981 1851 linimeutia
995 1750 1365 1876 quibuslibetoteo-

315 1906 376 1988 m
395 1929 466 1988 aut
484 1907 626 2014 opiatia
645 1905 761 1986 leniri
780 1905 923 2012 potuit
981 1907 1091 1986 Loco
1109 1903 1232 2013 hujus
1247 1906 1364 1986 dolo-

236 2019 239 2028 ⁵
324 2041 379 2123 rit
406 2042 577 2150 quidam
596 2043 776 2124 sentiunt
805 2064 940 2124 cutem
959 2063 1126 2148 torpere.
1185 2033 1364 2122 Memini

325 2205 499 2286 ugrum,
526 2179 571 2259 in
590 2207 675 2288 quo
699 2180 840 2289 herpes
859 2179 896 2260 ei
915 2180 1020 2286 parti
1038 2177 1251 2278 insederat,
1279 2205 1362 2286 qua

323 2317 533 2420 clavicula.
554 2345 650 2398 cum
682 2318 854 2398 humero
887 2317 1171 2416 committitur,
1207 2317 1282 2397 ubi
1315 2316 1359 2398 in

323 2474 487 2536 tantum
515 2453 733 2536 acuebatur
761 2445 913 2554 sensus,
943 2475 991 2534 ut
1019 2441 1106 2534 non
1131 2451 1218 2534 eine
1247 2479 1359 2534 aum·

324 2560 395 2672 mo
413 2589 550 2672 dolote
578 2591 793 2672 brachium
823 2613 985 2704 movere
1014 2609 1158 2698 postet,
1186 2611 1258 2670 aut
1276 2587 1358 2695 pati

324 2728 510 2834 plumam
539 2725 750 2809 linimento
776 2726 981 2807 lenissimo
1007 2725 1200 2806 tinctam:
1229 2726 1359 2808 toluta
1491 2729 1492 2816 i

326 2863 504 2970 quadam
515 2885 622 2944 veste
640 2889 784 2970 corpus
800 2861 1049 2969 contegebat,
1067 2889 1163 2942 cum
1177 2861 1358 2943 tunicam

324 3021 559 3082 consuetam
577 2999 744 3080 induere
763 3025 832 3106 per
843 2999 1067 3079 triennium
1085 3021 1170 3078 non
1189 2995 1359 3078 tustine-
1491 3069 1492 3110 ᾖ

324 3157 396 3220 tet.
454 3137 594 3217 Parem
624 3159 759 3218 tamen
788 3135 885 3216 huic
915 3136 1097 3215 dolorem
1125 3135 1219 3215 alias
1253 3161 1360 3216 nun·
1491 3113 1492 3132 Ν

325 3271 568 3379 quammihi
582 3273 754 3379 contigit
768 3272 913 3352 videre.
945 3269 1141 3352 Foeminae
1156 3271 1361 3378 quinqua·
1491 3373 1492 3386 Ν

324 3407 440 3514 ginta
456 3411 629 3516 amplius
650 3437 776 3490 annos
796 3431 902 3491 natae
923 3407 1159 3489 claviculam
1176 3406 1361 3488 dextram

273 3565 277 3572 '
324 3541 466 3652 herpes
486 3548 710 3654 occupavit,
738 3547 896 3629 febrem
911 3567 1106 3646 movens,
1133 3566 1174 3626 et
1191 3544 1361 3643 doloret,
1491 3577 1492 3600 i

325 3683 399 3789 qui
413 3703 548 3764 totum
562 3683 777 3788 brachium
790 3683 1034 3790 torquebant
1048 3719 1059 3782 3
1089 3683 1229 3789 herpes
1246 3701 1287 3762 et
1303 3681 1368 3762 fa

243 3909 247 3918 ,
323 3817 408 3900 brie
439 3819 513 3900 diu
540 3819 785 3921 trahebanca
807 3821 923 3901 dolor
954 3845 1121 3926 quoque
1144 3844 1247 3900 cum
1268 3837 1361 3900 cute
1491 3931 1492 3936 Ν

185 3989 190 3996 ·
324 3981 543 4062 squamosa
561 3957 712 4038 multos
731 3983 887 4038 menaea
917 3955 1204 4068 perseuerabat,
1231 3955 1365 4036 donec
1403 3959 1406 3970 ’

323 4091 541 4174 brachium
560 4093 786 4177 resolutum
811 4115 924 4190 estet,
953 4093 1072 4198 digiti
1099 4091 1257 4174 assidue
1285 4111 1363 4171 tre·
1491 4093 1492 4102 '

322 4254 492 4333 merent,
511 4253 632 4354 atque
645 4232 762 4314 omni
776 4251 894 4314 motu
909 4230 1138 4317 voluntario
1152 4225 1359 4312 interdum
