3002 5086
642 511 754 652 199¹
796 481 799 488 ’

161 717 363 800 naturales
401 715 602 825 precipue
639 715 943 826 perturbantur,
975 739 1015 802 et
1047 737 1205 826 pervet-

160 877 333 956 tuntur;
374 854 420 934 in
458 853 556 936 viris
592 883 707 936 mens
745 855 833 964 ipsa
869 857 997 964 magis
1036 857 1202 938 laborat.

159 991 302 1098 Itaque
331 991 436 1073 inter
454 991 539 1072 illas
569 991 744 1074 maxime
768 993 1034 1074 dominantur
1061 995 1203 1076 nolen·
1271 1047 1275 1060 ,

158 1128 267 1210 tium
287 1128 604 1230 vociferationes,
623 1128 866 1212 defectiones
887 1121 1046 1230 animae,
1064 1153 1104 1212 et
1123 1131 1207 1214 dis·

158 1268 358 1348 tentiones
397 1265 530 1346 omnis
564 1267 741 1374 generis;
780 1269 886 1348 inter
919 1267 1026 1348 viros
1065 1291 1202 1350 autern

158 1403 280 1486 tacita
294 1403 527 1509 desperatio·
586 1405 644 1484 Ea
660 1432 827 1510 quoque
842 1433 960 1486 causa
975 1433 1056 1484 esse
1072 1425 1202 1510 potest

156 1569 235 1622 cur
250 1541 327 1620 viri
339 1541 383 1620 in
397 1540 475 1620 hoc
491 1541 637 1622 morbo
653 1542 846 1642 crebrius,
862 1570 990 1647 quam
1004 1541 1203 1642 foeminae,
1319 1589 1323 1606 ·

155 1703 207 1758 eo
236 1677 402 1758 insania
432 1677 649 1784 adigantur
674 1699 723 1758 ut
751 1705 892 1763 necem
921 1677 999 1758 sibi
1028 1677 1202 1758 conscis-

160 1835 267 1896 cant.
755 1903 756 1906 Ἴ

214 1951 430 2051 Nonnulli,
458 1952 532 2059 qui
550 1951 804 2034 contendunt
827 1979 942 2034 curas
962 1973 1084 2060 atque
1102 1979 1202 2058 gau-

155 2089 227 2172 dia
238 2089 345 2170 inter
356 2117 496 2174 omnes
508 2089 693 2172 homines
707 2091 912 2199 :equaliter
923 2089 1205 2192 fuissedivisa,
1320 2181 1331 2192 ἡ

156 2226 317 2336 opinati
327 2249 426 2310 sunt
440 2228 679 2334 languorem
699 2231 933 2310 animorum
953 2247 1103 2310 sortem
1121 2257 1203 2335 ease
1247 2307 1251 2314 .

156 2365 341 2446 divitum
359 2387 400 2448 et
418 2367 657 2466 otiosorum,
675 2389 715 2448 et
734 2393 877 2446 eorum
896 2365 1129 2447 felicitatem
1147 2366 1205 2448 ita
1311 2431 1319 2445 .

157 2523 396 2610 temperare,
422 2525 471 2586 ut
501 2503 653 2586 horum
681 2505 895 2586 beatorum
921 2503 1005 2584 vita
1038 2531 1123 2584 non
1152 2503 1216 2620 sit

157 2639 292 2746 magis
312 2639 543 2746 expetenda,
567 2669 695 2750 quarn
713 2639 857 2723 eorurn
877 2641 951 2748 qui
970 2639 1106 2721 labore
1126 2639 1204 2720 sibi

159 2777 321 2862 victum
333 2799 535 2886 quarunt.
579 2767 772 2859 Attamen
785 2807 1047 2885 nequaquam
1058 2805 1205 2860 verum

158 2935 222 2995 est
236 2941 444 3022 pauperes,
458 2937 498 2998 et
513 2915 745 3017 laboriosos,
760 2937 799 2996 et
810 2915 958 2996 humili
973 2916 1061 2994 loco
1076 2937 1207 3018 natos,

159 3049 255 3132 ideo
285 3051 452 3170 tutiores
473 3081 568 3154 esse,
595 3053 816 3176 minusque
838 3051 935 3132 huic
955 3051 1102 3131 morbo
1131 3051 1206 3132 ob-

108 3233 113 3240 =
151 3187 296 3296 jectos.
355 3191 568 3272 Interdum
586 3221 610 3272 a
628 3191 862 3298 parentibus
882 3189 1069 3288 traditur,
1087 3209 1127 3270 et
1146 3217 1206 3270 se-

158 3327 279 3408 mina
297 3327 381 3434 ejus
398 3329 614 3412 nobiscum
644 3331 766 3412 simul
785 3353 879 3412 nata
891 3331 1004 3437 justo
1023 3351 1205 3436 tempore

23 3470 25 3477 ’
71 3573 75 3582 1
158 3491 250 3546 non
261 3455 416 3548 cessant
429 3495 651 3576 erumpere,
667 3467 962 3576 qualiscunque
973 3467 1098 3548 fuerit
1112 3466 1206 3548 vitae

158 3601 355 3684 conditio.
415 3605 609 3712 Languor
628 3607 863 3686 animorum
882 3605 1208 3712 haudquaquam

159 3737 400 3844 incognitus
420 3763 479 3822 est
499 3769 666 3850 operoso
686 3742 844 3842 colono,
873 3771 999 3857 quem
1020 3739 1209 3847 prohibet

161 3899 326 3982 gustare
354 3877 482 3960 ullam
511 3903 667 3986 partem
686 3880 917 3986 voluptatis,
947 3907 1038 3988 qua
1059 3875 1207 3958 laboris

162 4009 274 4094 finiti
311 4015 529 4120 praemium
565 4045 647 4097 esse
684 4017 838 4098 debuit.
896 4018 992 4097 Non
1030 4013 1208 4121 corporis

164 4147 287 4231 firma
302 4153 552 4252 constituti0,
566 4181 652 4232 non
667 4153 945 4260 temperantia,
964 4180 1097 4259 neque
1112 4177 1210 4255 neg·

164 4287 262 4390 otia,
289 4279 435 4396 neque,
464 4290 577 4399 quod
600 4291 808 4372 nonnullis
828 4285 1002 4392 videtur,
1031 4287 1210 4371 arthritis

164 4447 328 4532 praestat
341 4425 527 4512 homines
541 4455 700 4512 securos
716 4429 768 4530 ab
784 4427 861 4512 hoc
874 4429 992 4510 malo.
1051 4427 1210 4507 Tamen
