3050 5084
803 571 907 669 sle

342 751 468 894 quam
488 807 602 886 aeque
621 761 754 885 gravis
769 781 893 862 febris
911 810 958 862 ex
980 755 1128 888 quovis
1146 783 1223 864 allo
1240 783 1379 864 morbo

340 939 439 997 orta.
499 919 606 1030 Nam
636 918 704 998 isti
725 941 859 997 motus
882 922 1120 1002 arteriarum
1141 922 1214 1028 qui
1234 943 1380 1028 cogunt

305 1137 307 1144 ,
336 1055 439 1138 alios
455 1054 633 1160 desipere
653 1078 724 1135 aut
742 1055 890 1155 furere,
919 1057 1018 1138 adeo
1038 1082 1183 1164 parum
1202 1058 1382 1138 officiunt

333 1192 605 1292 rheumatim,
625 1215 672 1272 ut
684 1221 820 1302 oeque
832 1194 1070 1300 languorem
1084 1193 1251 1276 afferant
1262 1196 1382 1300 insig-

321 1355 449 1428 nem,
478 1347 610 1435 neque
640 1357 797 1435 semper
826 1330 908 1410 cibi
943 1332 1206 1438 cupiditatem
1230 1335 1379 1414 tollant.

268 1461 274 1476 ’
339 1469 507 1548 Dolores
528 1487 566 1546 et
585 1489 778 1566 tumores,
807 1489 946 1548 contra
970 1497 1015 1549 ac
1035 1467 1082 1549 fit
1101 1470 1145 1549 in
1164 1469 1384 1572 arthritide,

338 1603 383 1684 in
398 1604 483 1708 ipsa
497 1603 630 1710 prima
649 1604 869 1694 accessione
889 1631 1028 1686 omnes
1049 1607 1226 1712 corporis
1256 1629 1382 1712 partes

163 1769 166 1776 ·
216 1742 238 1842 j
338 1739 458 1821 aliam
474 1748 522 1818 ex
538 1739 613 1818 alia
628 1739 842 1839 invadunt,
861 1767 1077 1846 nunquam
1093 1718 1166 1822 diu
1179 1764 1381 1824 manentes

337 1878 383 1958 in
394 1905 478 1958 una
490 1877 599 1976 sede;
614 1898 735 1984 atque
748 1877 824 1958 hoc
837 1879 962 1958 modo
972 1899 1170 1992 vagantur
1177 1879 1382 1960 interdurn

151 2107 153 2116 ¹
268 2031 270 2036 ’
338 2014 512 2120 amplius
532 2014 635 2096 duos
655 1995 822 2094 menses.
858 2016 905 2094 ln
926 2015 987 2094 his
1004 1993 1117 2122 aegris
1135 2017 1259 2112 sudor
1280 2018 1383 2099 mul-

338 2174 405 2234 tus
421 2152 518 2234 oriri
533 2155 754 2254 cousuevit,
774 2181 906 2261 neque
927 2156 1119 2244 morbum
1140 2155 1255 2236 levat.
1315 2157 1382 2236 Est

241 2353 243 2363 .
328 2291 412 2372 -ubi
429 2291 519 2372 lecti
535 2315 648 2398 tepor
662 2291 930 2376 rheumaticos
948 2293 1105 2372 dolores
1126 2293 1382 2374 vehementer

214 2459 215 2462 ‘
328 2450 478 2538 augam
498 2430 566 2510 sed
587 2431 662 2510 hoc
683 2451 842 2510 nonest
859 2453 1123 2536 perpetuum:
1145 2430 1240 2508 alias
1260 2431 1382 2528 enirn,

314 2579 317 2588 ’
337 2589 429 2648 tum
445 2567 643 2673 precipue
658 2568 701 2644 in
717 2567 836 2672 longa
853 2567 993 2672 specio,
1012 2566 1122 2646 idem
1142 2587 1254 2671 tepor
1274 2590 1380 2647 artus

160 2699 163 2706 ¹
243 2689 245 2692 ⁵
337 2703 680 2786 dolentes'blande
700 2703 810 2782 fovet
830 2725 1071 2809 recreatque.

384 2839 717 2922 Rheumatismus
731 2863 886 2937 acutus,
898 2835 1028 2946 qualis
1044 2839 1144 2920 mihi
1157 2840 1381 2938 videbatur,

337 2979 382 3060 in
402 3007 487 3057 uno
506 3000 545 3059 et
564 2979 687 3058 altero
702 2977 819 3058 rediit
835 2977 955 3056 semel
972 2976 1034 3056 vel
1050 2977 1111 3080 bis
1127 2978 1170 3057 in
1186 3005 1295 3058 anno
1315 3005 1381 3085 per

337 3117 564 3222 complures
585 3143 723 3194 annos.
773 3115 972 3194 Nonnulli
992 3115 1177 3214 forsitan,
1204 3117 1257 3195 ob
1280 3117 1380 3196 hanc

313 3353 315 3360 Ι
333 3255 468 3359 ‘ipsam
487 3253 779 3351 conditionem,
796 3253 916 3332 talem
929 3251 1124 3330 morbum
1137 3254 1379 3333 contendent

304 3429 307 3436 ⁴
336 3391 460 3471 fuisse
480 3389 765 3487 arthriticum3
795 3411 834 3468 et
853 3389 980 3468 fateor
1000 3389 1110 3469 hunc
1129 3412 1286 3470 certum
1306 3391 1379 3470 cir·

335 3529 494 3609 cultum
510 3507 709 3606 rarissime
724 3526 913 3625 accidere,
927 3548 965 3606 et
979 3527 1109 3604 multo
1121 3527 1264 3632 saepius
1283 3525 1379 3622 lieri,

336 3685 385 3744 ut
404 3663 576 3770 qui'una
594 3661 814 3742 accessione
830 3659 1020 3742 liberatus
1036 3661 1172 3760 fuerit,
1190 3662 1255 3742 ille
1275 3691 1378 3742 nun-

217 3775 234 3816 *
316 3827 464 3910 quam
492 3799 720 3906 experiatur
748 3799 981 3880 secundam.
1048 3769 1376 3886 Rheumatismus

335 3961 441 4020 certe
457 3937 686 4044 propinqua
702 3937 940 4041 cognatione
955 3935 1196 4040 conjunctus
1213 3957 1271 4016 est
1282 3963 1375 4016 cum

335 4067 559 4175 arthritide,
573 4095 626 4154 ·et
644 4073 743 4154 solet
763 4071 929 4152 seorsim
949 4071 1136 4154 invadere
1156 4099 1299 4177 pueros
1319 4099 1377 4152 ar-

334 4210 506 4293 thriticis
518 4211 741 4318 majoribus
752 4228 874 4308 ortos,
884 4230 1188 4314 tanquamesset
1200 4221 1241 4284 τα·
1254 4243 1376 4314 σμικρα

250 4321 252 4326 V
332 4383 390 4438 της
418 4347 594 4448 ποδαγρας
615 4381 790 4454 praerupta.
848 4347 933 4426 Nec
964 4347 1084 4452 longa
1116 4345 1200 4452 ejus
1235 4343 1377 4450 species

333 4484 473 4578 minus
488 4481 618 4566 affinis
633 4507 692 4566 est
706 4473 937 4595 paralyseos
953 4515 963 4565 ε
984 4511 1080 4564 nam
1096 4483 1279 4592 sequitur
1296 4479 1375 4562 fera
