3050 5084
649 485 748 588 411

171 719 264 806 post
275 726 399 780 usum
411 699 592 796 brevem,
603 697 691 802 ipso
703 697 850 778 morbo
863 699 1070 779 molestius
1083 698 1220 782 visum

171 858 242 916 est.
304 811 592 948 Quamobrem
612 835 848 915 maluerunt
875 835 1055 916 interdiu
1075 865 1223 942 penem

174 973 314 1053 vesicae
344 974 577 1072 immittere,
604 971 649 1051 in
679 999 806 1079 quam
833 973 954 1054 urina
988 973 1223 1076 distillaret;

176 1139 269 1218 quta
284 1111 452 1218 quidem
464 1110 719 1190 commodior
732 1129 803 1222 est,
816 1110 885 1189 sed
899 1111 1037 1191 minus
1055 1113 1227 1212 munda,
1307 1140 1312 1150 ’

176 1277 305 1356 quam
325 1279 393 1329 vas
414 1270 645 1346 stanneum,
672 1247 787 1354 quod
809 1247 948 1354 itaque
977 1250 1062 1328 aliis
1092 1251 1223 1356 magis

174 1386 337 1494 placuit.
397 1389 533 1466 Noctu
553 1411 648 1465 vero
677 1365 809 1465 multo
838 1385 1224 1468 commodissimum

175 1522 260 1604 fuit
273 1524 472 1603 matulam
487 1549 654 1628 parvam
674 1549 812 1601 secum
823 1520 970 1602 habere
997 1522 1160 1622 inlecta,
1180 1524 1226 1604 in

179 1689 309 1768 quarn
322 1687 470 1768 penem
488 1681 529 1742 et
543 1681 725 1740 scrotum
744 1633 851 1738 iinm
865 1679 973 1740 ttant
994 1659 1228 1762 dormituri,

179 1825 265 1904 quo
283 1799 408 1878 lintea
436 1827 508 1878 sua
527 1797 579 1877 ab
598 1796 719 1876 urina
748 1823 887 1878 secura
906 1797 999 1877 sint.
1058 1799 1229 1898 Omnes,

176 1945 397 2043 postquam
427 1935 524 2016 huic
554 1934 770 2040 paululum
805 1933 1017 2016 assuefacti
1047 1957 1156 2034 sunt,
1186 1965 1227 2018 se
1286 1959 1287 1963 ‘

180 2073 293 2152 haud
310 2073 483 2152 minima
502 2071 739 2153 calamitatis
760 2093 871 2178 parte
892 2072 1078 2153 liberatos
1095 2073 1229 2152 existi·

181 2233 359 2290 marunt

235 2349 367 2427 Urina
381 2347 510 2454 nigra,
523 2348 587 2427 vel
603 2345 814 2428 manifeste
827 2371 1006 2446 cruenta,
1022 2367 1229 2454 quantum

181 2485 373 2586 intellexi,
401 2513 493 2576 raro
521 2485 667 2566 habuit
700 2486 881 2584 initium,
909 2485 988 2564 nisi
1019 2515 1042 2564 a
1073 2485 1228 2566 calculo
1307 2513 1309 2516 ·

182 2623 359 2704 haerente
374 2623 668 2704 alicubiinviis
683 2624 823 2703 urinae.
867 2623 1140 2734 Quapropter,
1153 2621 1230 2704 ubi
1331 2671 1337 2688 ·

185 2761 349 2866 sanguis
369 2790 467 2842 cum
485 2762 605 2841 urina
633 2759 776 2860 fertur,
803 2760 910 2840 illico
931 2761 982 2838 ad
1001 2759 1106 2840 hanc
1135 2789 1231 2840 cau·

184 2927 271 2978 sam
290 2898 483 3005 respici03
514 2922 553 2980 et
574 2897 607 2978 si
627 2919 817 2978 consueta
846 2897 988 2977 calculi
1007 2897 1158 2977 indicia
1177 2896 1231 2978 si-

185 3036 274 3115 mul
288 3036 535 3136 accesserint,
562 3035 699 3115 nullus
731 3033 836 3112 mihi
864 3033 1083 3113 dubitandi
1117 3035 1229 3116 locus
1314 3084 1317 3092 2

186 3171 443 3279 relinquitur.

242 3308 1060 3417 Stranguria,utcunqueexcrucians,quae
1070 3308 1231 3392 oritura

185 3441 491 3528 cantharidibus
502 3447 613 3527 intus
629 3424 746 3546 datis,
761 3475 831 3526 seu
843 3445 1086 3526 extrinsecus
1099 3447 1232 3552 impo-

187 3583 286 3684 sitis,
306 3613 391 3664 non
411 3584 490 3665 nisi
506 3584 636 3664 diluto
652 3584 800 3664 rubore
820 3583 983 3664 urinam
998 3581 1141 3684 inficit,
1161 3605 1233 3666 aut

189 3747 363 3802 mucum
377 3722 462 3828 ejus
478 3722 613 3828 paucis
630 3721 744 3802 lineis
764 3720 940 3802 cruentis
956 3699 1188 3825 distinguit

246 3859 454 3940 Glandula
483 3887 573 3966 quae
603 3856 771 3939 rotatur
808 3880 997 3964 prostata,
1035 3857 1233 3939 scirrhosa

187 3995 308 4098 facta,
336 4019 376 4078 et
408 3998 643 4095 exulcerata,
680 3996 890 4077 interdum
927 3993 1111 4076 cruentat
1148 3996 1233 4076 uri·

189 4163 308 4236 nam3
328 4164 474 4216 verum
485 4133 649 4238 sanguis
666 4133 716 4212 ab
733 4161 778 4214 ea
790 4133 989 4214 exstillans
1006 4131 1232 4213 admodum

188 4270 358 4376 exiguus
378 4295 449 4374 est,
465 4299 601 4378 neque
620 4293 791 4376 augetur
810 4269 1044 4378 equitand0,
1058 4291 1129 4350 aut
1147 4297 1234 4350 am·
1321 4383 1322 4386 Ἴ
1367 4307 1369 4314 a

78 4439 94 4470 ‘
191 4407 384 4496 bulando.
443 4411 556 4492 Tum
571 4433 666 4494 vero
685 4405 790 4492 hanc
805 4407 933 4490 urinae
949 4429 1124 4490 cruentae
1140 4435 1234 4490 cau·
