<?xml version="1.0" encoding="UTF-8"?>
<!DOCTYPE html PUBLIC "-//W3C//DTD XHTML 1.0 Transitional//EN"
    "http://www.w3.org/TR/xhtml1/DTD/xhtml1-transitional.dtd">
<html xmlns="http://www.w3.org/1999/xhtml" xml:lang="en" lang="en">
 <head>
  <title>
</title>
<meta http-equiv="Content-Type" content="text/html;charset=utf-8" />
  <meta name='ocr-system' content='tesseract 3.04.00' />
  <meta name='ocr-capabilities' content='ocr_page ocr_carea ocr_par ocr_line ocrx_word'/>
</head>
<body>
  <div class='ocr_page' id='page_1' title='image "./commentariidemo00hebegoog_0110.png"; bbox 0 0 2990 5078; ppageno 0'>
   <div class='ocr_carea' id='block_1_1' title="bbox 641 447 711 568">
    <p class='ocr_par' dir='ltr' id='par_1_1' title="bbox 641 447 711 568">
     <span class='ocr_line' id='line_1_1' title="bbox 641 447 711 568; baseline -0.129 0"><span class='ocrx_word' id='word_1_1' title='bbox 641 447 711 568; x_wconf 78' lang='lat'><strong>93</strong></span> 
     </span>
    </p>
   </div>
   <div class='ocr_carea' id='block_1_2' title="bbox 146 661 1272 4498">
    <p class='ocr_par' dir='ltr' id='par_1_2' title="bbox 147 661 1202 1607">
     <span class='ocr_line' id='line_1_2' title="bbox 147 661 1200 784; baseline 0 -28"><span class='ocrx_word' id='word_1_2' title='bbox 147 697 281 784; x_wconf 87' lang='lat' dir='ltr'><strong>quam</strong></span> <span class='ocrx_word' id='word_1_3' title='bbox 299 693 393 752; x_wconf 84' lang='lat' dir='ltr'><strong>vera</strong></span> <span class='ocrx_word' id='word_1_4' title='bbox 411 669 517 752; x_wconf 80' lang='lat' dir='ltr'><strong>facta</strong></span> <span class='ocrx_word' id='word_1_5' title='bbox 536 669 588 750; x_wconf 89' lang='lat' dir='ltr'><strong>sit</strong></span> <span class='ocrx_word' id='word_1_6' title='bbox 606 669 774 752; x_wconf 83' lang='lat' dir='ltr'><strong>chorea:</strong></span> <span class='ocrx_word' id='word_1_7' title='bbox 803 669 848 750; x_wconf 85' lang='lat' dir='ltr'><strong>in</strong></span> <span class='ocrx_word' id='word_1_8' title='bbox 869 661 955 752; x_wconf 86' lang='lat' dir='ltr'><strong>aliis</strong></span> <span class='ocrx_word' id='word_1_9' title='bbox 976 687 1066 778; x_wconf 82' lang='lat' dir='ltr'><strong>post</strong></span> <span class='ocrx_word' id='word_1_10' title='bbox 1081 671 1200 756; x_wconf 75' lang='lat' dir='ltr'><strong>vehe-</strong></span> 
     </span>
     <span class='ocr_line' id='line_1_3' title="bbox 148 791 1196 914; baseline 0.001 -21"><span class='ocrx_word' id='word_1_11' title='bbox 148 835 308 894; x_wconf 84' lang='lat' dir='ltr'><strong>mentes</strong></span> <span class='ocrx_word' id='word_1_12' title='bbox 323 791 546 890; x_wconf 68' lang='lat' dir='ltr'><strong>nervorum</strong></span> <span class='ocrx_word' id='word_1_13' title='bbox 560 807 828 888; x_wconf 83' lang='lat' dir='ltr'><strong>distentiones·</strong></span> <span class='ocrx_word' id='word_1_14' title='bbox 838 831 999 914; x_wconf 85' lang='lat' dir='ltr'><strong>repente</strong></span> <span class='ocrx_word' id='word_1_15' title='bbox 1015 831 1196 896; x_wconf 75' lang='lat' dir='ltr'><strong>nataests</strong></span> 
     </span>
     <span class='ocr_line' id='line_1_4' title="bbox 150 945 1201 1060; baseline 0.001 -28"><span class='ocrx_word' id='word_1_16' title='bbox 150 975 254 1058; x_wconf 82' lang='lat' dir='ltr'><strong>saepe</strong></span> <span class='ocrx_word' id='word_1_17' title='bbox 272 973 407 1060; x_wconf 80' lang='lat' dir='ltr'><strong>genua</strong></span> <span class='ocrx_word' id='word_1_18' title='bbox 425 946 537 1054; x_wconf 90' lang='lat' dir='ltr'><strong>prius</strong></span> <span class='ocrx_word' id='word_1_19' title='bbox 565 945 707 1026; x_wconf 89' lang='lat' dir='ltr'><strong>dolent</strong></span> <span class='ocrx_word' id='word_1_20' title='bbox 717 965 764 1026; x_wconf 86' lang='lat' dir='ltr'><strong>et</strong></span> <span class='ocrx_word' id='word_1_21' title='bbox 782 945 1077 1053; x_wconf 83' lang='lat' dir='ltr'><strong>impediuntur.</strong></span> <span class='ocrx_word' id='word_1_22' title='bbox 1136 949 1201 1034; x_wconf 87' lang='lat' dir='ltr'><strong>Fit</strong></span> 
     </span>
     <span class='ocr_line' id='line_1_5' title="bbox 151 1084 1198 1198; baseline 0 -28"><span class='ocrx_word' id='word_1_23' title='bbox 151 1117 321 1198; x_wconf 92' lang='lat' dir='ltr'><strong>quoque</strong></span> <span class='ocrx_word' id='word_1_24' title='bbox 349 1087 490 1192; x_wconf 81' lang='lat' dir='ltr'><strong>lingua</strong></span> <span class='ocrx_word' id='word_1_25' title='bbox 519 1085 656 1166; x_wconf 86' lang='lat' dir='ltr'>morbi</span> <span class='ocrx_word' id='word_1_26' title='bbox 684 1084 894 1192; x_wconf 82' lang='lat' dir='ltr'>particeps,</span> <span class='ocrx_word' id='word_1_27' title='bbox 924 1087 1037 1168; x_wconf 87' lang='lat' dir='ltr'><strong>unde</strong></span> <span class='ocrx_word' id='word_1_28' title='bbox 1055 1113 1198 1170; x_wconf 90' lang='lat' dir='ltr'><strong>omnes</strong></span> 
     </span>
     <span class='ocr_line' id='line_1_6' title="bbox 150 1199 1200 1332; baseline 0 -24"><span class='ocrx_word' id='word_1_29' title='bbox 150 1228 209 1309; x_wconf 86' lang='lat' dir='ltr'><strong>sic</strong></span> <span class='ocrx_word' id='word_1_30' title='bbox 235 1225 422 1332; x_wconf 83' lang='lat' dir='ltr'><strong>occupati</strong></span> <span class='ocrx_word' id='word_1_31' title='bbox 439 1222 701 1304; x_wconf 82' lang='lat' dir='ltr'><strong>balbutiunt:</strong></span> <span class='ocrx_word' id='word_1_32' title='bbox 731 1245 853 1330; x_wconf 83' lang='lat' dir='ltr'><strong>etque</strong></span> <span class='ocrx_word' id='word_1_33' title='bbox 876 1199 1068 1306; x_wconf 86' lang='lat' dir='ltr'><strong>nonnulli</strong></span> <span class='ocrx_word' id='word_1_34' title='bbox 1100 1227 1200 1308; x_wconf 87' lang='lat' dir='ltr'><strong>adeo</strong></span> 
     </span>
     <span class='ocr_line' id='line_1_7' title="bbox 152 1361 1202 1472; baseline -0.001 -27"><span class='ocrx_word' id='word_1_35' title='bbox 152 1391 302 1472; x_wconf 88' lang='lat' dir='ltr'><strong>parum</strong></span> <span class='ocrx_word' id='word_1_36' title='bbox 316 1361 505 1444; x_wconf 85' lang='lat' dir='ltr'><strong>distincte</strong></span> <span class='ocrx_word' id='word_1_37' title='bbox 520 1361 762 1467; x_wconf 87' lang='lat' dir='ltr'><strong>loquuntur,</strong></span> <span class='ocrx_word' id='word_1_38' title='bbox 781 1383 829 1442; x_wconf 89' lang='lat' dir='ltr'><strong>ut</strong></span> <span class='ocrx_word' id='word_1_39' title='bbox 843 1361 1005 1442; x_wconf 88' lang='lat' dir='ltr'><strong>animus</strong></span> <span class='ocrx_word' id='word_1_40' title='bbox 1021 1361 1091 1442; x_wconf 84' lang='lat' dir='ltr'><strong>vix</strong></span> <span class='ocrx_word' id='word_1_41' title='bbox 1109 1389 1202 1472; x_wconf 55' lang='lat' dir='ltr'><strong>poss</strong></span> 
     </span>
     <span class='ocr_line' id='line_1_8' title="bbox 153 1499 1115 1607; baseline -0.001 -24"><span class='ocrx_word' id='word_1_42' title='bbox 153 1504 208 1584; x_wconf 82' lang='lat' dir='ltr'><strong>sit</strong></span> <span class='ocrx_word' id='word_1_43' title='bbox 225 1500 425 1607; x_wconf 82' lang='lat' dir='ltr'><strong>intelligi3</strong></span> <span class='ocrx_word' id='word_1_44' title='bbox 454 1499 540 1579; x_wconf 79' lang='lat' dir='ltr'><strong>allis</strong></span> <span class='ocrx_word' id='word_1_45' title='bbox 552 1505 640 1578; x_wconf 72' lang='lat' dir='ltr'><strong>vox</strong></span> <span class='ocrx_word' id='word_1_46' title='bbox 656 1523 707 1578; x_wconf 82' lang='lat' dir='ltr'><strong>ex</strong></span> <span class='ocrx_word' id='word_1_47' title='bbox 726 1519 812 1579; x_wconf 90' lang='lat' dir='ltr'><strong>toto</strong></span> <span class='ocrx_word' id='word_1_48' title='bbox 833 1499 1115 1606; x_wconf 72' lang='lat' dir='ltr'><strong>supprimitur.</strong></span> 
     </span>
    </p>

    <p class='ocr_par' dir='ltr' id='par_1_3' title="bbox 149 1636 1203 2410">
     <span class='ocr_line' id='line_1_9' title="bbox 210 1636 1201 1744; baseline 0 -24"><span class='ocrx_word' id='word_1_49' title='bbox 210 1641 340 1720; x_wconf 89' lang='lat' dir='ltr'><strong>Puero</strong></span> <span class='ocrx_word' id='word_1_50' title='bbox 358 1637 525 1720; x_wconf 85' lang='lat' dir='ltr'><strong>cuidam</strong></span> <span class='ocrx_word' id='word_1_51' title='bbox 541 1659 641 1716; x_wconf 81' lang='lat' dir='ltr'><strong>cum</strong></span> <span class='ocrx_word' id='word_1_52' title='bbox 660 1661 779 1717; x_wconf 83' lang='lat' dir='ltr'><strong>crura</strong></span> <span class='ocrx_word' id='word_1_53' title='bbox 798 1636 1057 1718; x_wconf 81' lang='lat' dir='ltr'><strong>vehementer</strong></span> <span class='ocrx_word' id='word_1_54' title='bbox 1076 1637 1201 1744; x_wconf 65' lang='lat' dir='ltr'><strong>agitad</strong></span> 
     </span>
     <span class='ocr_line' id='line_1_10' title="bbox 152 1773 1201 1881; baseline -0.002 -21"><span class='ocrx_word' id='word_1_55' title='bbox 152 1777 322 1877; x_wconf 83' lang='lat' dir='ltr'><strong>bantur,</strong></span> <span class='ocrx_word' id='word_1_56' title='bbox 341 1795 478 1858; x_wconf 88' lang='lat' dir='ltr'><strong>motus</strong></span> <span class='ocrx_word' id='word_1_57' title='bbox 508 1773 774 1856; x_wconf 83' lang='lat' dir='ltr'><strong>involuntarii</strong></span> <span class='ocrx_word' id='word_1_58' title='bbox 794 1773 1037 1881; x_wconf 84' lang='lat' dir='ltr'><strong>superabant</strong></span> <span class='ocrx_word' id='word_1_59' title='bbox 1060 1799 1201 1858; x_wconf 86' lang='lat' dir='ltr'><strong>omues</strong></span> 
     </span>
     <span class='ocr_line' id='line_1_11' title="bbox 151 1911 1202 2011; baseline -0.002 -16"><span class='ocrx_word' id='word_1_60' title='bbox 151 1911 351 1995; x_wconf 87' lang='lat' dir='ltr'><strong>movendi</strong></span> <span class='ocrx_word' id='word_1_61' title='bbox 385 1933 556 1994; x_wconf 85' lang='lat' dir='ltr'><strong>conatus</strong></span> <span class='ocrx_word' id='word_1_62' title='bbox 593 1911 792 2011; x_wconf 83' lang='lat' dir='ltr'><strong>leniores3</strong></span> <span class='ocrx_word' id='word_1_63' title='bbox 830 1911 1025 1992; x_wconf 77' lang='lat' dir='ltr'><strong>membris</strong></span> <span class='ocrx_word' id='word_1_64' title='bbox 1064 1933 1202 1994; x_wconf 89' lang='lat' dir='ltr'><strong>autem</strong></span> 
     </span>
     <span class='ocr_line' id='line_1_12' title="bbox 150 2049 1202 2158; baseline 0 -26"><span class='ocrx_word' id='word_1_65' title='bbox 150 2049 302 2133; x_wconf 88' lang='lat' dir='ltr'><strong>fortius</strong></span> <span class='ocrx_word' id='word_1_66' title='bbox 315 2049 500 2158; x_wconf 83' lang='lat' dir='ltr'>impulsis</span> <span class='ocrx_word' id='word_1_67' title='bbox 513 2050 685 2130; x_wconf 84' lang='lat' dir='ltr'><strong>morbus</strong></span> <span class='ocrx_word' id='word_1_68' title='bbox 696 2050 976 2156; x_wconf 78' lang='lat' dir='ltr'><strong>superabatur:</strong></span> <span class='ocrx_word' id='word_1_69' title='bbox 995 2077 1094 2156; x_wconf 85' lang='lat' dir='ltr'><strong>ergo</strong></span> <span class='ocrx_word' id='word_1_70' title='bbox 1109 2077 1202 2132; x_wconf 77' lang='lat' dir='ltr'><strong>cur-</strong></span> 
     </span>
     <span class='ocr_line' id='line_1_13' title="bbox 149 2185 1203 2296; baseline -0.001 -25"><span class='ocrx_word' id='word_1_71' title='bbox 149 2213 242 2272; x_wconf 72' lang='lat' dir='ltr'><strong>rere</strong></span> <span class='ocrx_word' id='word_1_72' title='bbox 269 2188 416 2296; x_wconf 85' lang='lat' dir='ltr'><strong>potuit,</strong></span> <span class='ocrx_word' id='word_1_73' title='bbox 445 2187 518 2295; x_wconf 91' lang='lat' dir='ltr'><strong>qui</strong></span> <span class='ocrx_word' id='word_1_74' title='bbox 547 2208 633 2268; x_wconf 86' lang='lat' dir='ltr'><strong>non</strong></span> <span class='ocrx_word' id='word_1_75' title='bbox 662 2187 798 2296; x_wconf 88' lang='lat' dir='ltr'><strong>potuit</strong></span> <span class='ocrx_word' id='word_1_76' title='bbox 828 2185 1058 2270; x_wconf 82' lang='lat' dir='ltr'><strong>ambulare:</strong></span> <span class='ocrx_word' id='word_1_77' title='bbox 1087 2185 1203 2296; x_wconf 81' lang='lat' dir='ltr'><strong>quod</strong></span> 
     </span>
     <span class='ocr_line' id='line_1_14' title="bbox 149 2323 833 2410; baseline -0.007 -1"><span class='ocrx_word' id='word_1_78' title='bbox 149 2328 280 2410; x_wconf 89' lang='lat' dir='ltr'><strong>etiam</strong></span> <span class='ocrx_word' id='word_1_79' title='bbox 300 2327 345 2406; x_wconf 93' lang='lat' dir='ltr'><strong>in</strong></span> <span class='ocrx_word' id='word_1_80' title='bbox 363 2327 485 2407; x_wconf 86' lang='lat' dir='ltr'><strong>ebriis</strong></span> <span class='ocrx_word' id='word_1_81' title='bbox 506 2323 594 2406; x_wconf 83' lang='lat' dir='ltr'><strong>fieri</strong></span> <span class='ocrx_word' id='word_1_82' title='bbox 613 2325 833 2406; x_wconf 87' lang='lat' dir='ltr'><strong>consuevit.</strong></span> 
     </span>
    </p>

    <p class='ocr_par' dir='ltr' id='par_1_4' title="bbox 146 2461 1272 4498">
     <span class='ocr_line' id='line_1_15' title="bbox 212 2461 1272 2568; baseline 0 -24"><span class='ocrx_word' id='word_1_83' title='bbox 212 2463 373 2544; x_wconf 85' lang='lat' dir='ltr'><strong>Adhuc</strong></span> <span class='ocrx_word' id='word_1_84' title='bbox 391 2461 687 2544; x_wconf 84' lang='lat' dir='ltr'><strong>distentionum</strong></span> <span class='ocrx_word' id='word_1_85' title='bbox 717 2487 845 2568; x_wconf 82' lang='lat' dir='ltr'><strong>genus</strong></span> <span class='ocrx_word' id='word_1_86' title='bbox 866 2461 1062 2544; x_wconf 86' lang='lat' dir='ltr'><strong>accedunt</strong></span> <span class='ocrx_word' id='word_1_87' title='bbox 1081 2462 1203 2544; x_wconf 84' lang='lat' dir='ltr'><strong>verti·</strong></span> <span class='ocrx_word' id='word_1_88' title='bbox 1270 2473 1272 2480; x_wconf 56' lang='lat'><strong>⁴</strong></span> 
     </span>
     <span class='ocr_line' id='line_1_16' title="bbox 146 2597 1202 2708; baseline -0.001 -28"><span class='ocrx_word' id='word_1_89' title='bbox 146 2599 284 2708; x_wconf 85' lang='lat' dir='ltr'><strong>gines,</strong></span> <span class='ocrx_word' id='word_1_90' title='bbox 312 2619 505 2705; x_wconf 71' lang='lat' dir='ltr'><strong>torpores,</strong></span> <span class='ocrx_word' id='word_1_91' title='bbox 523 2625 691 2704; x_wconf 83' lang='lat' dir='ltr'><strong>angores</strong></span> <span class='ocrx_word' id='word_1_92' title='bbox 711 2599 940 2700; x_wconf 83' lang='lat' dir='ltr'><strong>ventriculi,</strong></span> <span class='ocrx_word' id='word_1_93' title='bbox 959 2597 1094 2703; x_wconf 84' lang='lat' dir='ltr'><strong>somni</strong></span> <span class='ocrx_word' id='word_1_94' title='bbox 1113 2627 1202 2706; x_wconf 64' lang='lat' dir='ltr'><strong>pera</strong></span> 
     </span>
     <span class='ocr_line' id='line_1_17' title="bbox 148 2735 1202 2836; baseline -0.002 -16"><span class='ocrx_word' id='word_1_95' title='bbox 148 2735 325 2836; x_wconf 86' lang='lat' dir='ltr'><strong>turbati,</strong></span> <span class='ocrx_word' id='word_1_96' title='bbox 342 2757 383 2818; x_wconf 84' lang='lat' dir='ltr'><strong>st</strong></span> <span class='ocrx_word' id='word_1_97' title='bbox 401 2735 561 2836; x_wconf 85' lang='lat' dir='ltr'><strong>macies,</strong></span> <span class='ocrx_word' id='word_1_98' title='bbox 580 2737 672 2817; x_wconf 87' lang='lat' dir='ltr'><strong>licet</strong></span> <span class='ocrx_word' id='word_1_99' title='bbox 691 2735 859 2817; x_wconf 82' lang='lat' dir='ltr'><strong>aviditas</strong></span> <span class='ocrx_word' id='word_1_100' title='bbox 879 2735 961 2818; x_wconf 88' lang='lat' dir='ltr'><strong>cibi</strong></span> <span class='ocrx_word' id='word_1_101' title='bbox 976 2761 1065 2818; x_wconf 89' lang='lat' dir='ltr'><strong>non</strong></span> <span class='ocrx_word' id='word_1_102' title='bbox 1094 2735 1202 2818; x_wconf 66' lang='lat' dir='ltr'><strong>mus-</strong></span> 
     </span>
     <span class='ocr_line' id='line_1_18' title="bbox 150 2873 1202 2988; baseline -0.002 -32"><span class='ocrx_word' id='word_1_103' title='bbox 150 2897 252 2956; x_wconf 89' lang='lat' dir='ltr'><strong>tum</strong></span> <span class='ocrx_word' id='word_1_104' title='bbox 280 2873 517 2974; x_wconf 59' lang='lat' dir='ltr'><strong>minuatum</strong></span> <span class='ocrx_word' id='word_1_105' title='bbox 547 2895 751 2980; x_wconf 87' lang='lat' dir='ltr'><strong>postremo</strong></span> <span class='ocrx_word' id='word_1_106' title='bbox 777 2901 893 2954; x_wconf 87' lang='lat' dir='ltr'><strong>mens</strong></span> <span class='ocrx_word' id='word_1_107' title='bbox 919 2893 962 2954; x_wconf 51' lang='lat' dir='ltr'><strong>et¹</strong></span> <span class='ocrx_word' id='word_1_108' title='bbox 987 2873 1202 2988; x_wconf 80' lang='lat' dir='ltr'><strong>ingenium</strong></span> 
     </span>
     <span class='ocr_line' id='line_1_19' title="bbox 150 2987 1200 3118; baseline -0.001 -25"><span class='ocrx_word' id='word_1_109' title='bbox 150 3009 268 3093; x_wconf 90' lang='lat' dir='ltr'><strong>fiunt</strong></span> <span class='ocrx_word' id='word_1_110' title='bbox 296 2987 535 3110; x_wconf 83' lang='lat' dir='ltr'><strong>infirmiora,</strong></span> <span class='ocrx_word' id='word_1_111' title='bbox 566 3033 607 3092; x_wconf 85' lang='lat' dir='ltr'><strong>et</strong></span> <span class='ocrx_word' id='word_1_112' title='bbox 632 3011 760 3118; x_wconf 83' lang='lat' dir='ltr'><strong>magis</strong></span> <span class='ocrx_word' id='word_1_113' title='bbox 785 3009 964 3117; x_wconf 88' lang='lat' dir='ltr'><strong>puerilia.</strong></span> <span class='ocrx_word' id='word_1_114' title='bbox 1023 3011 1200 3092; x_wconf 79' lang='lat' dir='ltr'><strong>Morbus</strong></span> 
     </span>
     <span class='ocr_line' id='line_1_20' title="bbox 149 3145 1199 3254; baseline -0.001 -24"><span class='ocrx_word' id='word_1_115' title='bbox 149 3147 360 3230; x_wconf 80' lang='lat' dir='ltr'><strong>rarissime</strong></span> <span class='ocrx_word' id='word_1_116' title='bbox 383 3147 629 3254; x_wconf 85' lang='lat' dir='ltr'><strong>periculosus</strong></span> <span class='ocrx_word' id='word_1_117' title='bbox 658 3171 734 3249; x_wconf 83' lang='lat' dir='ltr'><strong>est3</strong></span> <span class='ocrx_word' id='word_1_118' title='bbox 763 3147 889 3230; x_wconf 87' lang='lat' dir='ltr'><strong>trahit</strong></span> <span class='ocrx_word' id='word_1_119' title='bbox 907 3151 1002 3229; x_wconf 80' lang='lat' dir='ltr'><strong>v&#39;ero</strong></span> <span class='ocrx_word' id='word_1_120' title='bbox 1031 3145 1199 3230; x_wconf 84' lang='lat' dir='ltr'><strong>diutius.</strong></span> 
     </span>
     <span class='ocr_line' id='line_1_21' title="bbox 150 3283 1203 3387; baseline 0.001 -20"><span class='ocrx_word' id='word_1_121' title='bbox 150 3283 393 3367; x_wconf 84' lang='lat' dir='ltr'><strong>Paucissimi</strong></span> <span class='ocrx_word' id='word_1_122' title='bbox 434 3285 542 3378; x_wconf 73' lang='lat' dir='ltr'><strong>intra</strong></span> <span class='ocrx_word' id='word_1_123' title='bbox 590 3289 773 3367; x_wconf 84' lang='lat' dir='ltr'><strong>mensem</strong></span> <span class='ocrx_word' id='word_1_124' title='bbox 819 3287 1115 3387; x_wconf 80' lang='lat' dir='ltr'><strong>restituuntur3</strong></span> <span class='ocrx_word' id='word_1_125' title='bbox 1162 3307 1203 3368; x_wconf 90' lang='lat' dir='ltr'><strong>et</strong></span> 
     </span>
     <span class='ocr_line' id='line_1_22' title="bbox 148 3421 1202 3532; baseline 0.004 -30"><span class='ocrx_word' id='word_1_126' title='bbox 148 3423 341 3532; x_wconf 85' lang='lat' dir='ltr'><strong>plerique</strong></span> <span class='ocrx_word' id='word_1_127' title='bbox 370 3445 579 3529; x_wconf 81' lang='lat' dir='ltr'><strong>aegrotant·</strong></span> <span class='ocrx_word' id='word_1_128' title='bbox 595 3421 640 3504; x_wconf 88' lang='lat' dir='ltr'><strong>in</strong></span> <span class='ocrx_word' id='word_1_129' title='bbox 655 3450 822 3504; x_wconf 85' lang='lat' dir='ltr'><strong>menses</strong></span> <span class='ocrx_word' id='word_1_130' title='bbox 851 3421 969 3523; x_wconf 86' lang='lat' dir='ltr'><strong>duos,</strong></span> <span class='ocrx_word' id='word_1_131' title='bbox 997 3423 1061 3504; x_wconf 84' lang='lat' dir='ltr'><strong>vel</strong></span> <span class='ocrx_word' id='word_1_132' title='bbox 1099 3447 1202 3506; x_wconf 78' lang='lat' dir='ltr'><strong>tres:</strong></span> 
     </span>
     <span class='ocr_line' id='line_1_23' title="bbox 148 3561 1201 3670; baseline 0.005 -31"><span class='ocrx_word' id='word_1_133' title='bbox 148 3586 268 3640; x_wconf 85' lang='lat' dir='ltr'><strong>unus</strong></span> <span class='ocrx_word' id='word_1_134' title='bbox 294 3582 334 3640; x_wconf 87' lang='lat' dir='ltr'><strong>er</strong></span> <span class='ocrx_word' id='word_1_135' title='bbox 352 3561 640 3642; x_wconf 67' lang='lat' dir='ltr'><strong>alterandum</strong></span> <span class='ocrx_word' id='word_1_136' title='bbox 668 3561 876 3670; x_wconf 75' lang='lat' dir='ltr'><strong>integrum</strong></span> <span class='ocrx_word' id='word_1_137' title='bbox 903 3561 1201 3644; x_wconf 81' lang='lat' dir='ltr'><strong>laboraverunt.</strong></span> 
     </span>
     <span class='ocr_line' id='line_1_24' title="bbox 151 3695 1203 3808; baseline 0.004 -30"><span class='ocrx_word' id='word_1_138' title='bbox 151 3697 416 3808; x_wconf 76' lang='lat' dir='ltr'><strong>Quanquam</strong></span> <span class='ocrx_word' id='word_1_139' title='bbox 431 3720 521 3780; x_wconf 81' lang='lat' dir='ltr'><strong>raro</strong></span> <span class='ocrx_word' id='word_1_140' title='bbox 540 3720 704 3806; x_wconf 85' lang='lat' dir='ltr'><strong>repetat,</strong></span> <span class='ocrx_word' id='word_1_141' title='bbox 722 3695 933 3780; x_wconf 88' lang='lat' dir='ltr'><strong>interdum</strong></span> <span class='ocrx_word' id='word_1_142' title='bbox 948 3721 1086 3780; x_wconf 84' lang='lat' dir='ltr'><strong>tamen</strong></span> <span class='ocrx_word' id='word_1_143' title='bbox 1106 3727 1203 3784; x_wconf 63' lang='lat' dir='ltr'><strong>cona</strong></span> 
     </span>
     <span class='ocr_line' id='line_1_25' title="bbox 147 3834 1204 3945; baseline 0.004 -27"><span class='ocrx_word' id='word_1_144' title='bbox 147 3835 267 3942; x_wconf 86' lang='lat' dir='ltr'><strong>tigit,</strong></span> <span class='ocrx_word' id='word_1_145' title='bbox 294 3857 341 3919; x_wconf 83' lang='lat' dir='ltr'><strong>ut</strong></span> <span class='ocrx_word' id='word_1_146' title='bbox 367 3838 441 3945; x_wconf 90' lang='lat' dir='ltr'><strong>qui</strong></span> <span class='ocrx_word' id='word_1_147' title='bbox 458 3834 512 3919; x_wconf 83' lang='lat' dir='ltr'><strong>ab</strong></span> <span class='ocrx_word' id='word_1_148' title='bbox 539 3862 586 3920; x_wconf 88' lang='lat' dir='ltr'><strong>eo</strong></span> <span class='ocrx_word' id='word_1_149' title='bbox 606 3837 914 3942; x_wconf 80' lang='lat' dir='ltr'><strong>conraiuerunt,</strong></span> <span class='ocrx_word' id='word_1_150' title='bbox 939 3835 1204 3922; x_wconf 81' lang='lat' dir='ltr'><strong>distentiones</strong></span> 
     </span>
     <span class='ocr_line' id='line_1_26' title="bbox 149 3971 1205 4082; baseline 0.005 -29"><span class='ocrx_word' id='word_1_151' title='bbox 149 3971 341 4080; x_wconf 79' lang='lat' dir='ltr'><strong>ejusdem</strong></span> <span class='ocrx_word' id='word_1_152' title='bbox 363 3977 520 4082; x_wconf 85' lang='lat' dir='ltr'><strong>generis</strong></span> <span class='ocrx_word' id='word_1_153' title='bbox 546 3973 715 4060; x_wconf 88' lang='lat' dir='ltr'><strong>leviores</strong></span> <span class='ocrx_word' id='word_1_154' title='bbox 735 4001 887 4060; x_wconf 79' lang='lat' dir='ltr'><strong>vere&#39;et</strong></span> <span class='ocrx_word' id='word_1_155' title='bbox 909 4001 1115 4060; x_wconf 84' lang='lat' dir='ltr'><strong>autumno</strong></span> <span class='ocrx_word' id='word_1_156' title='bbox 1137 4001 1205 4059; x_wconf 83' lang='lat' dir='ltr'><strong>ex·</strong></span> 
     </span>
     <span class='ocr_line' id='line_1_27' title="bbox 149 4111 1205 4223; baseline 0.004 -31"><span class='ocrx_word' id='word_1_157' title='bbox 149 4111 264 4222; x_wconf 88' lang='lat' dir='ltr'><strong>perti</strong></span> <span class='ocrx_word' id='word_1_158' title='bbox 283 4113 363 4193; x_wconf 89' lang='lat' dir='ltr'><strong>sint</strong></span> <span class='ocrx_word' id='word_1_159' title='bbox 381 4113 427 4192; x_wconf 90' lang='lat' dir='ltr'><strong>in</strong></span> <span class='ocrx_word' id='word_1_160' title='bbox 453 4141 579 4195; x_wconf 88' lang='lat' dir='ltr'><strong>annos</strong></span> <span class='ocrx_word' id='word_1_161' title='bbox 599 4137 679 4196; x_wconf 85' lang='lat' dir='ltr'><strong>tres</strong></span> <span class='ocrx_word' id='word_1_162' title='bbox 708 4137 780 4197; x_wconf 85' lang='lat' dir='ltr'><strong>aut</strong></span> <span class='ocrx_word' id='word_1_163' title='bbox 798 4138 986 4223; x_wconf 87' lang='lat' dir='ltr'><strong>quatuor.</strong></span> <span class='ocrx_word' id='word_1_164' title='bbox 1046 4115 1205 4197; x_wconf 87' lang='lat' dir='ltr'><strong>Pertur-</strong></span> 
     </span>
     <span class='ocr_line' id='line_1_28' title="bbox 149 4229 1205 4358; baseline 0.004 -28"><span class='ocrx_word' id='word_1_165' title='bbox 149 4247 271 4330; x_wconf 90' lang='lat' dir='ltr'><strong>batio</strong></span> <span class='ocrx_word' id='word_1_166' title='bbox 292 4277 457 4358; x_wconf 91' lang='lat' dir='ltr'><strong>quoque</strong></span> <span class='ocrx_word' id='word_1_167' title='bbox 477 4251 605 4332; x_wconf 90' lang='lat' dir='ltr'><strong>animi</strong></span> <span class='ocrx_word' id='word_1_168' title='bbox 619 4252 782 4358; x_wconf 83' lang='lat' dir='ltr'><strong>gravior</strong></span> <span class='ocrx_word' id='word_1_169' title='bbox 801 4251 1024 4334; x_wconf 87' lang='lat' dir='ltr'><strong>identidem</strong></span> <span class='ocrx_word' id='word_1_170' title='bbox 1044 4229 1205 4336; x_wconf 58' lang='lat' dir='ltr'><strong>revocass</strong></span> 
     </span>
     <span class='ocr_line' id='line_1_29' title="bbox 151 4371 1207 4498; baseline 0.009 -34"><span class='ocrx_word' id='word_1_171' title='bbox 151 4385 221 4466; x_wconf 81' lang='lat' dir='ltr'><strong>vit</strong></span> <span class='ocrx_word' id='word_1_172' title='bbox 252 4385 424 4472; x_wconf 83' lang='lat' dir='ltr'><strong>obscura</strong></span> <span class='ocrx_word' id='word_1_173' title='bbox 454 4371 650 4497; x_wconf 60' lang='lat' dir='ltr'><strong>quedam</strong></span> <span class='ocrx_word' id='word_1_174' title='bbox 676 4389 762 4498; x_wconf 88' lang='lat' dir='ltr'><strong>ejus</strong></span> <span class='ocrx_word' id='word_1_175' title='bbox 786 4389 936 4472; x_wconf 83' lang='lat' dir='ltr'><strong>inditia</strong></span> <span class='ocrx_word' id='word_1_176' title='bbox 963 4417 1035 4498; x_wconf 85' lang='lat' dir='ltr'><strong>per</strong></span> <span class='ocrx_word' id='word_1_177' title='bbox 1062 4390 1207 4474; x_wconf 85' lang='lat' dir='ltr'><strong>decen·</strong></span> 
     </span>
    </p>
   </div>
   <div class='ocr_carea' id='block_1_3' title="bbox 0 0 1508 5078">
    <p class='ocr_par' dir='ltr' id='par_1_5' title="bbox 0 0 1508 5078">
     <span class='ocr_line' id='line_1_30' title="bbox 0 0 1508 5078; baseline 0 0"><span class='ocrx_word' id='word_1_178' title='bbox 0 0 1508 5078; x_wconf 95' lang='lat' dir='ltr'><strong> </strong></span> 
     </span>
    </p>
   </div>
  </div>
 </body>
</html>
