3104 5084
793 428 896 534 298

322 635 528 744 apoplexia
540 635 771 747 corripitur,
788 657 892 744 quot
902 631 986 716 dies
1002 634 1251 738 intercessuri
1266 638 1353 753 sint,

320 773 563 882 priusquam
574 773 637 854 vel
652 773 798 854 morbo
811 773 942 854 victus
959 774 1211 876 succumbat,
1224 775 1284 857 rel
1294 775 1352 856 in·

314 881 444 1017 'cipiat
465 908 517 990 ad
546 937 586 991 se
615 907 755 992 redire.
814 911 930 994 Justa
959 911 1179 1018 apoplexia,
1205 912 1249 992 in
1275 941 1350 1019 qua

211 1017 240 1036 ι’
317 1047 432 1128 nulla
442 1047 534 1128 vitae
547 1047 661 1154 signa
674 1069 890 1153 supersunt
901 1070 1043 1154 praeter
1055 1070 1217 1130 motum
1228 1049 1350 1131 cordis

316 1206 358 1266 et
375 1185 596 1292 pulmonis,
614 1211 704 1265 raro
720 1181 767 1264 fit
779 1185 857 1264 nisi
869 1185 1005 1291 paucis
1021 1185 1131 1289 horis
1144 1209 1236 1276 ante
1249 1214 1351 1268 mor·

316 1343 412 1404 tem.
471 1319 748 1430 Imperfectior
767 1319 950 1422 accessio,
965 1319 1010 1402 in
1026 1349 1108 1429 qua
1122 1343 1258 1404 tamen
1269 1349 1351 1404 sen.

315 1487 384 1540 sus
404 1457 552 1559 omnis,
579 1481 619 1540 et
638 1485 730 1558 vox,
756 1479 795 1539 et
813 1456 981 1564 facultas
1005 1457 1228 1542 devorandi
1255 1457 1352 1566 peri-
1385 1436 1388 1445 ,

313 1617 442 1693 erant,
455 1621 541 1676 uon
559 1595 638 1676 nisi
650 1593 809 1686 decimo
821 1595 887 1676 die
901 1615 1032 1676 morte
1044 1592 1161 1676 finita
1171 1617 1241 1676 est
1272 1597 1351 1675 He-

195 1803 199 1820 ,
312 1731 505 1839 miplegia
519 1731 668 1814 occidit
686 1731 811 1812 modo
830 1731 968 1838 paucis
987 1729 1212 1832 mensibus,
1229 1729 1350 1812 modo

311 1871 451 1976 paucis
460 1868 689 1968 diebus,vel
700 1868 822 1950 etiam
833 1867 939 1948 intra
951 1855 1228 1983 paucae'horas
1240 1867 1351 1968 desiit

311 2006 358 2087 in
388 2007 651 2114 apoplexiam.
709 2009 903 2086 Attamen
940 1999 1014 2112 qui
1047 2003 1166 2086 initio
1197 2031 1351 2111 correp·

312 2165 379 2225 tus
405 2166 465 2224 est
489 2141 744 2250 hemiplegia,
763 2143 827 2223 vel
846 2141 919 2250 qui
938 2142 983 2226 in
1008 2169 1099 2222 eam
1117 2141 1281 2224 emersit
1305 2167 1351 2222 ex

311 2281 531 2388 apoplexia,
549 2279 615 2362 ille
634 2260 881 2387 plerumque·
894 2278 1043 2360 sensim
1062 2305 1103 2359 se
1122 2277 1352 2386 recolligite

310 2417 452 2500 multis
471 2417 607 2499 morbi
626 2417 689 2498 sui
705 2419 834 2517 malis,
848 2439 888 2498 et
907 2415 1128 2516 interdurn,
1145 2415 1218 2497 sed
1237 2414 1350 2498 raris-

310 2553 424 2654 sime,
438 2527 702 2634 exomnibus.
733 2553 811 2634 His
828 2553 941 2660 aegris
955 2553 1123 2634 morbus
1136 2551 1349 2660 iucipitre·

311 2689 448 2772 cedere
460 2689 585 2770 modo
600 2690 706 2786 intra
718 2691 906 2796 exiguam
922 2689 1030 2770 horae
1044 2709 1214 2795 partem,
1227 2686 1348 2770 modo

310 2819 402 2908 uonv
416 2825 495 2908 nisi
508 2849 597 2944 post
611 2855 758 2934 paucos
771 2827 868 2927 dies,
880 2827 941 2906 vel
954 2825 1075 2907 etiam
1090 2848 1182 2932 post
1195 2826 1349 2933 aliquot

291 2981 485 3065 menses}
514 2964 723 3047 interdum
737 2963 925 3046 valetudo
940 2961 1113 3069 perrexit
1130 2961 1188 3044 ire
1207 2963 1255 3043 in
1268 2987 1349 3043 me-

309 3099 387 3182 lius
408 3127 644 3209 perpaucos
665 3127 803 3184 annos.
862 3099 1154 3206 Octogenariua
1178 3098 1350 3206 quidam.

234 3251 238 3258 “
307 3265 356 3318 ex
371 3231 612 3346 hemiplsgia
625 3237 833 3320 restitutus
845 3235 926 3318 fuit
940 3239 1048 3318 iutra
1059 3235 1162 3318 duos
1177 3263 1345 3320 menses.

307 3375 357 3455 ln
376 3401 467 3456 sene
482 3398 618 3458 motus
633 3401 815 3476 crurum,
829 3373 903 3482 qui
914 3373 1083 3456 amissus
1098 3373 1246 3474 fuerat,
1260 3400 1345 3454 sen·

306 3509 387 3592 sirn
405 3511 536 3615 rediit,
554 3511 682 3594 donec
696 3533 788 3619 post
799 3539 949 3598 novem
967 3537 1123 3593 menses
1138 3511 1345 3594 ambulare

306 3648 464 3730 valeret
523 3649 572 3729 ln
595 3669 682 3731 uno
701 3647 989 3758 hemiplegiaco
1018 3649 1145 3730 robur
1166 3648 1345 3757 partium

304 3781 541 3876 effectarum
555 3783 636 3866 fine
648 3785 818 3900 demum
831 3785 996 3866 secundi
1011 3785 1109 3866 anni
1120 3783 1247 3892 coepit
1257 3781 1346 3866 red·

273 4015 276 4030 Ι
303 3921 507 4028 integrari.
566 3923 677 4004 Bina
696 3921 936 4005 accessiones
966 3923 1192 4032 paralyticae
1221 3947 1345 4004 reces-

232 4155 241 4166 st
303 4081 443 4141 serunt
461 4061 574 4142 nulla
602 4061 666 4142 sui
685 4061 854 4167 vestigia
882 4059 1154 4168 relinquentes
1177 4061 1229 4142 in
1252 4085 1343 4142 sene

247 4290 249 4296 Ι
301 4195 553 4298 asthmatico,
566 4199 639 4305 qui
655 4197 800 4278 deinde
815 4183 905 4305 plus
924 4197 1064 4286 decem
1075 4223 1203 4279 annos
1221 4221 1342 4278 sanus

301 4333 513 4460 superus,
571 4333 741 4436 Plurimi
760 4334 835 4460 qui
853 4362 902 4433 er
930 4333 1227 4459 hemiplegiacis
1245 4321 1341 4430 facti
