3016 5076
642 481 708 574 51

197 687 308 772 Inter
325 686 621 770 medicamenta
640 685 854 794 simplicia,
868 715 961 796 quae
979 689 1193 798 languenti
1259 791 1264 807 Ι

141 830 366 914 ventriculo
391 827 659 934 opitulantur,
683 849 782 910 sunt
800 829 1068 940 chamaedrys,
1095 831 1191 916 cha·

141 968 341 1075 maepitys,
359 964 627 1065 absinthium,
646 965 822 1047 carduus
836 966 1088 1070 benedictus,
1114 969 1189 1052 tn'-

139 1103 287 1186 folium
305 1103 565 1210 paludosum,
578 1102 840 1184 marrubium
852 1099 1009 1206 album,
1023 1127 1188 1188 centau-

139 1241 249 1324 rium
267 1241 420 1341 minus,
449 1237 567 1321 flores
587 1239 852 1342 chamaemeli,
879 1263 1016 1324 cortex
1038 1271 1186 1328 auran-

139 1379 293 1460 tiorum
303 1369 624 1484 Hispalensium,
640 1399 776 1460 cortex
790 1381 1009 1479 Pomanus,
1022 1401 1063 1462 et
1076 1381 1185 1462 radi·

136 1543 199 1598 ces
232 1515 445 1616 colomba,
472 1515 768 1622 gentianaeque.
829 1516 936 1628 Quae
969 1517 1109 1600 omnia
1135 1517 1183 1600 in

134 1654 345 1761 pulverem
362 1651 458 1737 trita
474 1650 641 1734 fortasse
655 1651 877 1734 valentiora
895 1675 1029 1754 eruut,
1048 1681 1179 1762 quam

113 1775 298 1898 'aquain
312 1817 396 1896 qua
405 1789 568 1870 decocta
580 1788 672 1870 sint.
725 1790 846 1872 Pauci
857 1816 953 1872 vero
966 1789 1179 1873 invenien-

135 1950 204 2010 tur
220 1926 322 2008 adeo
344 1925 557 2028 fastidiosi,
583 1948 632 2009 ut
649 1925 802 2008 horum
813 1927 963 2035 aliqua,
991 1927 1038 2008 in
1064 1949 1178 2012 tanta

133 2065 526 2148 medicamentorum
544 2066 747 2166 varietate,
764 2093 851 2164 non
863 2065 1019 2148 fuerint
1033 2067 1179 2150 tolera.

133 2201 245 2302 bilia,
263 2223 303 2284 et
322 2201 532 2284 stomacho
543 2201 638 2282 satis
651 2201 848 2308 jucunda.
895 2203 1025 2315 Quod
1037 2225 1177 2286 tamen

132 2365 218 2440 non
237 2339 319 2420 nisi
337 2337 579 2447 experiendo
592 2338 745 2422 discere
763 2339 1000 2447 poterimus.
1048 2343 1106 2422 At
1124 2369 1177 2424 ne

132 2475 382 2564 forteunum
393 2475 1176 2586 aliquodprivatimsitnauseosum,op-

131 2612 295 2695 tabilius
315 2613 392 2696 erit
414 2614 627 2722 pulverem
652 2641 701 2695 ex
731 2611 864 2696 tribus
892 2633 964 2696 aut
984 2615 1178 2722 pluribus

130 2779 390 2860 componere3
420 2780 505 2860 quo
524 2775 642 2859 pacto
654 2749 724 2833 fiet
737 2731 786 2833 ut
799 2753 874 2834 rite
887 2753 1057 2861 juvetur
1075 2781 1173 2836 ven·

130 2889 314 2992 tritulus,
333 2912 373 2971 et
395 2889 488 2972 licet
514 2890 637 2972 exhis
653 2889 810 2998 aliquid
823 2891 962 2972 minus
985 2891 1172 2993 arrideat,

131 3049 273 3112 tamen
302 3030 459 3110 tantula
486 3029 563 3110 en‘t
590 3028 675 3136 ejus
713 3055 918 3132 mensura,
944 3052 994 3111 ut
1019 3051 1170 3138 aegroto

129 3169 297 3248 nullum
324 3187 492 3274 praestet
509 3165 814 3249 detrimentum.

162 3305 447 3388 Necessarium
458 3303 547 3404 erit,
557 3325 607 3384 ut
620 3301 852 3386 arthriticus
864 3325 1171 3412 pergatsumero

126 3437 367 3548 hujusmodi
380 3440 728 3522 medicamentum
739 3441 890 3522 multos
907 3467 1078 3542 menses,
1096 3462 1170 3526 aut

123 3579 244 3662 etiam
263 3580 423 3690 aliquot
434 3605 572 3660 annos.
602 3581 742 3685 Atque
760 3576 836 3660 hac
848 3577 971 3660 etiam
981 3577 1032 3660 de
1046 3605 1168 3660 causa

123 3715 339 3824 diligenter
359 3714 669 3824 providendum
687 3737 760 3816 eet,
778 3737 827 3798 ut
845 3735 887 3796 et
904 3713 1053 3796 modus
1068 3713 1172 3822 ejus,
1268 3795 1271 3804 ,

122 3874 158 3935 et
170 3877 308 3963 sapor,
325 3855 442 3936 omni
462 3851 623 3934 offensa
641 3873 812 3936 careant.
871 3853 1027 3934 Interea
1040 3873 1169 3960 aegro-

120 3992 381 4086 tummoneri
392 4011 563 4098 oportet,
574 4009 948 4089 uttantumsumat,
959 4011 1177 4097 quantum·

120 4125 221 4210 ferre
241 4130 332 4212 sine
345 4153 495 4210 nausea
514 4149 656 4236 potest.
714 4127 918 4209 Minimus
937 4127 1086 4209 modus
1101 4125 1166 4208 bis

121 4265 308 4370 quotidie
326 4263 563 4367 sumendus,
582 4265 659 4347 erit
671 4263 909 4373 quindecim
922 4287 1165 4372 granorum3
1228 4369 1232 4380 ,Α

608 4425 678 4488 Η
