3016 5076
406 570 409 576 ¹
797 443 860 552 18

299 669 412 753 euim
443 663 565 748 illum
596 664 643 746 in
673 661 855 770 quadam
887 653 1189 769 languidiorem
1225 662 1354 748 fuisse

302 804 409 886 dum
429 803 476 884 in
497 803 600 884 lecto
618 799 781 907 jaoeret,
807 817 850 918 et
874 817 1095 906 postquam
1117 799 1354 886 surrexisset

304 967 462 1048 semper
480 937 617 1046 ¹magis
636 937 823 1043 viguisse.
883 935 997 1018 Huic
1012 936 1142 1018 colori
1168 955 1272 1046 saepe
1289 956 1353 1022 a'c-

296 1077 413 1174 ¹cedit
432 1075 536 1159 cutia
554 1074 736 1182 pruritus
755 1073 850 1156 satis
870 1073 1075 1156 molesme.
1278 1153 1281 1160 .

362 1215 446 1300 Hic
479 1213 650 1296 morbus
682 1211 796 1294 haud
833 1213 1016 1296 mulmm
1054 1211 1264 1297 dissimilis
1294 1231 1357 1299 est

308 1355 618 1453 morbillorum3
647 1351 842 1460 aquibus
871 1365 1010 1434 tamen
1026 1343 1182 1435 soiicite
1206 1349 1357 1436 discer-

308 1492 467 1574 'nendus
486 1513 558 1591 est,
586 1517 684 1570 cum
707 1481 900 1572 medendi
926 1489 1128 1573 rationem
1146 1489 1267 1598 longe
1295 1489 1358 1574 di·

308 1647 467 1710 uersam
479 1627 665 1734 postulet
723 1627 810 1709 Sub
829 1623 905 1708 hac
923 1625 1037 1710 febre
1056 1627 1185 1710 rubor
1201 1625 1280 1710 late
1294 1627 1359 1710 in·

308 1763 396 1848 ficit
409 1787 572 1865 cutem;
602 1763 675 1872 qui
693 1763 739 1844 in
757 1763 957 1846 mnrbiilis
973 1757 1172 1849 dividitur
1185 1765 1231 1847 in
1249 1767 1359 1848 mui-

309 1921 369 1983 tas
389 1901 597 1984 distinctas
616 1901 808 2002 maculas,
832 1899 939 1983 inter
958 1929 1059 2011 quas
1078 1901 1272 1985 naturalis
1290 1924 1359 1984 eo-
1392 1960 1395 1968 ,

309 2039 372 2118 ior
390 2013 649 2145 eonspiciuu.
706 2035 821 2118 'Ium
845 2061 943 2120 vero
972 2039 1017 2119 in
1039 2036 1240 2120 morbiilis
1267 2065 1358 2120 ma·

311 2177 411 2258 cula
429 2175 506 2258 illae
532 2175 666 2257 rubrae
686 2175 900 2282 paululum
919 2176 1102 2258 eminent
1127 2198 1250 2284 supra
1265 2173 1357 2257 reli-

306 2331 441 2420 ,quam
470 2333 621 2412 cutem,
650 2311 707 2393 sic
738 2331 788 2394 ut
811 2309 942 2419 digito
975 2334 1096 2421 super
1123 2339 1188 2394 eas
1216 2307 1356 2394 leniter

312 2469 428 2530 moto
454 2443 655 2556 quaedam'
669 2443 858 2532 scabiitia
887 2447 1229 2558 deprehenderem
1261 2473 1356 2557 quae

312 2587 535 2667 maximam
550 2603 707 2694 partem
724 2587 912 2670 nullaest
928 2588 974 2668 iu
992 2583 1105 2670 febre
1122 2585 1262 2686 rubra,
1277 2581 1358 2666 nisi

312 2721 418 2840 fqrte
454 2723 599 2828 exigua
631 2723 847 2831 aspretudo
875 2723 923 2804 in
954 2721 1144 2806 brachiis.
1201 2719 1359 2803 Deinde

313 2859 448 2960 tussis,
462 2881 792 2964 sternutamenta,
811 2861 1027 2943 oculorum
1045 2859 1205 2961 mador,
1221 2879 1263 2941 et
1275 2857 1359 2966 pal·

313 2998 534 3106 pebrarum
548 3017 702 3100 tumor,
720 3022 812 3108 quae
828 2999 943 3106 signa
957 3019 1054 3082 sunt
1071 2994 1360 3081 morbiiiorum

314 3135 488 3244 propria,
506 3136 552 3214 in
571 3133 646 3216 hac
657 3134 771 3217 febre
791 3135 1083 3219 desiderantur.
1140 3128 1361 3234 Postremo,

313 3271 496 3352 morbilli
520 3271 642 3354 tertio
671 3271 756 3352 fere
779 3267 850 3354 ‘die
880 3273 926 3354 in
958 3271 1060 3355 facie
1089 3271 1294 3370 oriuntur,
1320 3287 1361 3352 et
1490 3291 1491 3305 ¹

315 3409 463 3514 quinto
493 3410 556 3492 vel
583 3430 695 3492 serto
722 3409 768 3490 in
793 3406 999 3512 brachiis;
1029 3409 1144 3518 quud
1175 3408 1221 3490 in
1246 3404 1361 3490 febre
1489 3505 1490 3528 Ν

315 3545 441 3627 rubra
459 3565 600 3627 contra
613 3543 676 3647 fir,
702 3569 751 3629 ut
767 3543 896 3628 modo
915 3547 1075 3630 dictum
1093 3567 1163 3629 est.

319 3685 323 3693 '
370 3681 615 3790 Languoret
624 3683 839 3767 solicitudo
847 3679 1124 3794 suntqui‘dem
1136 3683 1362 3792 plerorum-

316 3845 398 3928 que
417 3821 607 3904 0mnium
630 3821 898 3906 febrientium
917 3821 1179 3923 commin
1207 3811 1284 3903 hos
1301 3841 1362 3903 ta-
1389 3895 1398 3912 ,

315 3982 425 4061 men,
443 3959 661 4070 dequibus
676 3983 810 4043 sermo
821 3982 897 4063 est,
915 3959 1113 4069 majorem
1129 3951 1362 4041 irruendum

314 4093 499 4203 fatigant.
560 4099 802 4211 Quinetiam
817 4115 907 4181 acer
934 4097 1088 4180 humor
1105 4097 1291 4206 copiosus
1316 4095 1363 4178 in

314 4207 450 4317 fauces
469 4255 509 4317 et
524 4253 638 4318 nares
655 4235 1047 4344 interdum-depluit,
1062 4235 1215 4344 partim
1223 4232 1361 4316 'saliet

315 4373 443 4481 specie
461 4373 731 4484 exspuendus,
755 4373 906 4482 parum
925 4373 1134 4459 suasibus
1152 4363 1363 4472 distiflanq

1482 4885 1484 5043 i
