3104 5084
794 387 1082 531 ads·

321 637 669 734 uiuminhislocis
683 661 910 722 nascantur.
940 637 1028 720 Ubi
1039 636 1118 720 hoc
1129 633 1218 720 fieri
1229 635 1365 720 visum

320 773 395 882 est,
405 779 647 861 crediderim
659 799 839 860 erratum
850 775 975 858 fuisse
987 775 1032 856 in
1045 773 1279 856 definiendo
1290 775 1367 875 die,

320 946 407 1026 quo
420 917 636 1024 coepissent
646 915 765 996 exire.
813 913 945 996 Semel
959 936 1081 1022 atque
1092 914 1243 994 iterum
1258 921 1371 994 mor·'

320 1056 400 1138 bus
415 1053 590 1137 brachiis
607 1053 796 1160 pepercit,
825 1081 917 1160 quae
937 1077 1009 1160 per
1022 1073 1159 1134 totum
1177 1050 1263 1158 ejus
1280 1081 1367 1158 spa·

197 1284 199 1295 ,
320 1193 429 1276 tium
447 1219 522 1274 nec
539 1191 740 1273 maculata
758 1189 943 1292 fuerunt,
969 1217 1103 1297 neque
1123 1190 1366 1272 rubuerunt

320 1487 458 1550 tamen
477 1465 572 1546 inde
591 1491 677 1546 non
696 1465 896 1564 levantur,
914 1465 982 1546 sed
1002 1463 1137 1572 potius
1152 1485 1365 1570 augentur.

318 1603 430 1710 saepe
449 1629 590 1684 cursus
612 1602 818 1708 sanguinis
834 1631 883 1683 ex
902 1600 1166 1682 naribus'hoc
1186 1623 1367 1708 tempore

321 1739 487 1841 accedit,
514 1761 586 1822 aut
611 1740 725 1820 alvus
756 1735 864 1840 fluit,
892 1737 1020 1846 quod,
1053 1738 1198 1819 sinon
1225 1738 1368 1846 prosit,

320 1900 426 1960 uerte
454 1904 540 1958 non
558 1899 617 1958 est
645 1875 933 1984 perniciosum.
991 1875 1204 1956 Interdum
1232 1877 1366 1984 palpe-

319 2015 404 2100 brae
434 2015 533 2100 adeo
552 2015 853 2115 intumuerunt,
880 2035 928 2095 ut
950 2039 1020 2120 per
1049 2012 1167 2094 horas
1186 2035 1366 2122 quatuor

320 2173 361 2236 et
379 2152 526 2257 viginti
546 2151 690 2258 aperiri
709 2179 795 2233 non
815 2150 1033 2258 potuerint.

363 2290 454 2377 Die
491 2289 621 2372 tertio.
679 2271 853 2372 Pustulae
881 2289 1124 2397 plerumque
1152 2289 1293 2397 vigent
1320 2289 1365 2370 in

320 2425 407 2518 aliis
426 2427 623 2534 partibus,
641 2409 686 2507 iri
704 2425 805 2510 facie
825 2426 1028 2534 incipiunt
1046 2427 1191 2508 minui.
1250 2429 1365 2509 Non-

320 2591 539 2672 nunquam
558 2586 695 2645 tamen
717 2541 841 2646 etiam
865 2563 910 2644 in
929 2561 1030 2646 facie
1049 2565 1159 2644 color
1186 2564 1364 2646 macula-

320 2727 418 2790 tum
445 2700 635 2782 nondum
663 2721 858 2782 mutatur.
917 2677 967 2780 In
994 2700 1080 2780 aliis
1113 2727 1200 2782 non
1228 2701 1363 2782 solum

320 2827 459 2920 morbi
476 2860 597 2940 notae,
616 2865 708 2946 quae
727 2838 772 2921 in
794 2861 886 2922 cute
905 2861 1015 2938 sunt,
1034 2838 1104 2919 sed
1121 2837 1363 2922 omniafere

319 2973 406 3080 ejus
426 2974 541 3082 signa
559 2975 824 3058 decesserunt.
882 2974 1164 3058 Veruntamen
1184 2974 1305 3058 tussis
1323 2997 1363 3060 et

298 3104 444 3218 ‘febris
475 3113 520 3194 in
550 3114 751 3224 plerisque
781 3113 915 3194 adhuc
948 3136 1226 3220 perseverant3
1256 3136 1297 3196 et
1328 3113 1361 3195 si

319 3249 439 3356 pauci
451 3249 647 3338 senserint
659 3279 698 3332 se
714 3251 973 3358 aliquantum
986 3249 1167 3349 recreari,
1183 3251 1251 3332 alii
1266 3277 1361 3334 con·
1508 3355 1509 3366 Ν

317 3408 383 3488 tra
412 3387 542 3494 magis
571 3388 828 3495 languerunt.
905 3387 992 3470 Ubi
1025 3389 1133 3470 oculi
1170 3389 1357 3498 lacrymis
1493 3373 1496 3380 ¹

320 3521 596 3625 abundarunt,
623 3545 663 3606 et
681 3526 879 3634 palpebra
909 3525 1091 3608 multum
1116 3525 1358 3626 rubuerunt,

318 3658 435 3744 etha
454 3682 493 3743 et
520 3661 579 3742 illi
597 3663 643 3744 in
671 3663 891 3772 pristinum
910 3685 1062 3744 statum
1091 3648 1282 3746 nondum
1301 3689 1358 3744 rs·

317 3797 450 3880 stituti
480 3821 587 3882 sunt.
645 3799 776 3885 Semel
803 3799 889 3902 vidi
916 3787 1256 3882 sternutationem
1281 3800 1355 3884 hoc

316 3933 383 4016 die
401 3934 589 4018 incidisse
607 3937 944 4018 molestissimam.
1003 3939 1106 4020 Puer
1124 3937 1356 4046 quinquen·

199 4171 203 4175 Ι
315 4070 394 4173 nis,
425 4070 504 4154 hoc
541 4074 678 4156 morbi
715 4095 896 4182 tempore
933 4075 1175 4183 lethargicus
1213 4073 1355 4174 factus,

315 4203 393 4292 die
400 4231 559 4316 postero
574 4212 774 4296 extinctus
793 4235 862 4296 est.

369 4344 448 4431 Die
467 4368 625 4458 quarto.
683 4349 829 4436 Notae
820 4377 865 4434 rn
878 4349 1072 4438 omnibus
1090 4347 1174 4444 fere
1189 4348 1354 4436 morbil·
