3050 5084
216 705 278 768 est
296 681 341 764 in
361 680 611 790 quibusdam
626 671 783 788 A'ngliae
800 681 911 782 lucis,
930 708 1055 788 quem
1068 681 1261 790 equidem

219 821 337 930 aquis
366 819 643 902 insalubribus
662 817 800 901 deberi
831 819 1081 903 crediderim.
1140 821 1261 926 Alpes

217 957 420 1066 ejusmodi
465 955 699 1038 tumoribus
737 954 909 1038 infames
948 977 1057 1038 sunt.
1113 956 1261 1038 Errant

204 1114 358 1180 ,autem
375 1093 508 1199 longe,
525 1119 616 1173 mea
630 1091 799 1198 quidem
819 1091 1028 1190 sententia,
1043 1091 1116 1198 qui
1136 1091 1262 1174 tumi-

217 1227 323 1312 dum
333 1229 505 1336 Alpium
517 1251 662 1336 guttur
673 1229 760 1308 nivi
772 1228 997 1334 imputant;
1026 1229 1178 1310 etenim
1192 1229 1261 1310 rix

218 1365 331 1450 iliud
350 1365 584 1472 praesentius
603 1361 726 1470 hujus
745 1363 835 1446 vitii
854 1364 1081 1446 remedium
1105 1367 1263 1474 excogi-

220 1501 297 1586 tari
315 1499 454 1609 possit,
481 1527 609 1608 quarn
628 1522 749 1608 potus
777 1527 892 1608 aquae
921 1501 1079 1602 nivalis,
1105 1502 1261 1584 eximiae

222 1623 372 1720 trilices
390 1637 587 1744 puritatis.
665 1681 666 1686 Ν
696 1718 700 1726 .

275 1775 420 1857 Praener
431 1774 543 1855 illam
557 1795 723 1856 strumae
736 1773 909 1880 speciem
924 1801 1015 1882 quae
1028 1773 1262 1858 continetur

221 1910 270 1992 in
294 1910 420 1993 modo
439 1909 672 1992 memoratis
701 1909 989 2015 glandularum
1018 1911 1264 2011 tumoribus,

224 2047 379 2130 aliaest
406 2074 498 2169 quar
515 2047 662 2155 incipit
691 2047 736 2138 in
755 2047 925 2130 armbus
954 2047 1006 2129 ab
1025 2035 1171 2154 exiguo
1198 2071 1264 2130 tu-

224 2184 438 2292 more,qui
449 2184 658 2268 interdum
668 2183 883 2266 biennium
896 2185 1266 2292 permansit,prius-

119 2361 123 2380 ·
224 2349 354 2430 quam
371 2321 539 2428 coeperit
557 2321 784 2402 exulcerari.
842 2321 968 2402 Virus
985 2343 1121 2404 autern
1141 2323 1263 2428 hujus

224 2457 368 2544 ulceris
391 2458 437 2538 in
466 2455 717 2564 quibusdam
745 2457 861 2563 aegris
880 2442 990 2538 'adeo
1018 2485 1107 2540 scre
1136 2481 1264 2546 estet

157 2667 165 2674 .
213 2596 408 2696 ‚exedens
421 2616 469 2685 ¹ut
480 2594 601 2677 erosis
613 2593 930 2701 cartilaginibus,
940 2616 980 2678 et
991 2597 1148 2680 ossibus
1160 2599 1265 2682 carie
1383 2603 1392 2612 '

225 2731 440 2839 corruptis,
458 2709 644 2812 membra
657 2729 758 2812 fiant
772 2731 945 2831 inutilia,
958 2733 1021 2814 rel
1035 2725 1170 2833 etism,
1183 2735 1265 2816 dis·
1321 2739 1329 2752 '

151 2974 157 2982 .
218 2870 368 2970 ,solutis
389 2868 653 2950 articulorum
669 2867 855 2968 nexibus,
872 2869 991 2974 digiti
1009 2869 1162 2976 pedum
1180 2900 1267 2952 ma·
1373 2867 1375 2878 ’

226 3033 444 3114 nuumque
457 3005 652 3092 excidant
709 3003 777 3084 Ad
791 3003 895 3086 hanc
909 3027 1074 3087 strumae
1094 3007 1266 3114 speciem

227 3143 426 3252 pertinere
450 3127 612 3224 videtui
640 3142 797 3222 malum
830 3141 932 3226 illud
960 3144 1123 3250 puerile,
1152 3146 1267 3253 quod
1381 3204 1392 3216 „

228 3279 397 3376 articulo
416 3271 581 3361 femoris
595 3277 790 3385 superiori
805 3278 964 3381 insidet,
975 3302 1015 3362 et
1029 3281 1193 3364 tandem
1204 3273 1268 3364 in-

229 3417 398 3502 sanabili
416 3417 548 3500 ulcere
567 3413 688 3517 facto,
716 3416 821 3498 lenta
841 3417 931 3497 tabe
951 3444 1105 3524 aegrum
1123 3447 1269 3501 consu·

228 3555 317 3638 mit.
376 3553 549 3640 Inferior
577 3581 745 3660 qnoque
770 3553 935 3634 femoris
961 3555 1167 3658 articulus,
1192 3557 1270 3640 ubi

220 3721 326 3792 ,cum
337 3691 438 3774 tibia
449 3692 734 3792 committitur,
745 3719 828 3774 non
841 3691 1027 3773 dissimili
1035 3694 1135 3774 vitio
1147 3695 1270 3778 inter-

228 3830 334 3914 dum
351 3829 533 3930 laborat3
563 3827 676 3936 quod
691 3830 823 3910 multo
835 3827 990 3918 diutius
1003 3829 1157 3912 trahere
1170 3859 1270 3926 ron·

222 4113 368 4176 heberent
387 4113 453 4174 solis
463 4113 506 4174 his
520 4113 603 4195 egris
616 4113 813 4175 destinatum:
834 4131 938 4174 verum
949 4131 1027 4190 aqua
1044 4111 1160 4174 efluvto
1174 4113 1270 4174 ricino
1351 4125 1358 4138 ¹

231 4217 271 4278 ad
283 4217 386 4278 urbem
397 4217 524 4276 deducta
537 4218 566 4276 in
580 4237 666 4276 usum
681 4215 854 4285 incolatum,
867 4235 1006 4276 numerus
1016 4215 1055 4274 sic
1066 4216 1270 4296 aegrotantium

232 4319 325 4381 minui
345 4321 441 4399 coepit,
461 4335 568 4400 etpost
588 4321 708 4402 triginta
727 4338 817 4380 anuos
837 4319 959 4380 dimidio
980 4319 1075 4380 minor
1098 4319 1192 4381 lectur
1209 4335 1262 4384 est.

232 4414 295 4488 Soc.
310 4423 379 4508 reg.
395 4425 475 4486 Med.
488 4425 579 4488 Puris.
590 4425 649 4487 vol.
661 4423 703 4502 ii,
714 4423 791 4488 Hirr.
803 4443 833 4504 p.
841 4431 910 4486 280.
