3002 5086
510 529 517 542 ’
582 513 725 626 175·

124 745 221 808 cent:
247 719 430 807 debilitas
448 717 621 802 forsitan
638 719 856 828 utriusque
875 747 994 802 causa
1011 719 1150 806 fuerit.

124 861 246 946 Labor
257 860 399 959 durus,
413 857 526 939 nisus
540 851 698 940 ferendi
713 885 837 940 onera
852 859 1009 942 viribus
1024 859 1158 968 majo·

125 1024 174 1099 ra,
189 999 325 1080 Venus
342 994 577 1096 immodica,
595 994 742 1076 mentis
759 997 1095 1106 perturbationes,
1113 1017 1155 1078 et

124 1133 346 1216 constitutio
362 1130 540 1239 corporis
554 1129 732 1232 infirma,
747 1133 810 1214 vel
822 1154 1036 1234 strumoso,
1050 1159 1153 1241 saepe
1245 1204 1250 1212 .
1368 1181 1371 1194 ·

123 1267 291 1352 fecerunt
327 1267 439 1352 hunc
473 1267 680 1350 morbum.
741 1265 819 1350 Sed
857 1269 1155 1377 qualiscunque

122 1406 234 1489 fuerit
260 1406 345 1514 ejus
366 1405 495 1512 origo,
524 1403 647 1486 simul
676 1433 832 1512 semper
860 1405 1012 1488 accedit
1039 1407 1157 1502 dolor

122 1543 352 1660 ¹lumborum
365 1541 512 1650 gravis,
531 1541 605 1650 qui
621 1569 707 1622 non
721 1541 895 1622 minima
913 1543 1050 1625 morbi
1061 1571 1152 1650 pars

122 1701 184 1762 est.
237 1681 321 1760 Vix
344 1675 432 1760 fieri
454 1699 598 1786 potest,
616 1677 722 1786 quin
740 1677 980 1785 hujusmodi
998 1677 1155 1786 proflu-

122 1813 228 1898 vium
239 1816 343 1898 vires
359 1837 399 1898 et
413 1813 688 1898 valetudinem
703 1813 961 1921 aliquantum
973 1815 1155 1918 minuat3

123 1953 244 2034 nescio
258 1979 357 2034 vero
371 1951 519 2060 ecquid
537 1973 728 2060 praeterea
741 1951 974 2034 detrimenti
992 1951 1154 2035 inferat.

122 2089 207 2170 Non
225 2117 362 2198 paucae
391 2089 580 2172 mulieres
601 2115 698 2170 cum
723 2117 771 2170 eo
790 2085 1028 2172 conflictatae
1058 2113 1155 2174 sunt

122 2245 240 2308 totam
259 2227 404 2328 vitam,
431 2253 565 2336 neque
590 2249 728 2310 tamen
754 2225 959 2333 impeditae
988 2249 1155 2312 suntne
1209 2243 1215 2258 '

123 2388 227 2446 sanos
245 2364 395 2448 liberos
414 2385 609 2472 parerent.

169 2499 423 2584 Imbecillitas
439 2501 564 2583 totius
583 2501 762 2610 corporis
781 2500 828 2582 in
845 2503 964 2610 culpa
981 2531 1065 2586 esse
1083 2531 1156 2611 po-

121 2655 204 2737 test,
227 2639 300 2720 vel·
323 2639 612 2720 tantummodo
645 2639 837 2722 resolutio
864 2639 1157 2746 glandularum

123 2797 204 2878 quae
230 2771 344 2858 hunc
363 2773 583 2858 humorem
611 2797 844 2858 excernunt
903 2776 1076 2862 Proinde
1094 2803 1158 2860 re-

122 2910 247 2992 medio
274 2934 398 2995 erunt
425 2912 490 2994 rel
518 2939 609 3020 quse
638 2939 785 3020 corpus
818 2889 1058 2996 universum
1085 2911 1158 2998 fir-

122 3068 240 3148 mant,
267 3049 333 3130 vel
371 3076 462 3157 quae
491 3048 702 3156 glandulas
736 3049 882 3134 laxatas
911 3049 1155 3157 astringunt.

122 3178 269 3302 i'rofuit
287 3185 422 3294 pulvis
441 3185 505 3267 bis
534 3185 718 3294 quotidie
737 3207 912 3284 sumtus,
941 3187 1018 3294 qui
1033 3185 1157 3270 habet

122 3315 265 3402 olibani
284 3343 324 3404 et
352 3320 511 3404 corticis
530 3322 813 3406 aurantiorum
837 3321 1158 3430 Hispalensium,

122 3449 370 3562 singulorum
381 3485 507 3566 grana
515 3458 668 3560 decem,
679 3461 837 3542 corticis
847 3487 1022 3568 quercus
1030 3486 1159 3568 grans

123 3590 314 3701 quinque,
325 3595 394 3677 cui
407 3595 705 3703 superbibenda
719 3619 778 3678 est
793 3625 900 3705 aqua
913 3596 958 3678 in
973 3625 1055 3706 qua
1070 3623 1158 3680 cor-

122 3729 437 3814 texPeruvianus
449 3732 637 3816 decoctus
650 3757 720 3818 est
778 3733 980 3816 Convenit
992 3761 1159 3842 quoque

123 3887 264 3970 aquam
276 3869 323 3950 in
335 3897 418 3978 qua
429 3892 564 3954 cortex
579 3899 753 3980 quercus
766 3871 954 3956 decoctus
968 3893 1028 3954 est
1038 3898 1160 3956 mane

122 4020 159 4080 et
175 4029 333 4112 vespere
352 4009 568 4091 infundere
587 4011 632 4092 in
652 4011 854 4121 vaginam.
912 4013 1081 4096 Etcum
1094 4009 1158 4092 his

123 4135 238 4254 simul
248 4145 359 4228 utilis
370 4147 584 4230 estlavatio
592 4147 754 4256 frigida.
785 4147 1011 4232 Fatendum
1022 4167 1160 4228 autem

123 4296 177 4354 est
203 4265 314 4362 hunc
333 4281 537 4399 effectum,
565 4311 808 4408 quanquam
835 4305 1028 4392 praesents
1056 4282 1161 4391 peri·

124 4413 209 4496 culo
227 4441 354 4524 vacet,
372 4447 474 4535 saepe
500 4419 792 4508 difficillimum
809 4451 892 4508 esse
910 4441 1068 4525 curatu.
1084 4417 1160 4516 ubi
1293 4444 1296 4452 ’
