3002 5086
310 681 514 790 injiciunt,
529 678 686 762 etiamsi
698 677 838 786 capitis
851 679 976 762 moles
989 707 1074 762 non
1088 680 1214 766 fuerit
1225 707 1351 774 aucta

309 824 454 929 Neque
475 841 611 900 tamen
630 839 873 924 perpetuum
891 839 963 917 eat,
993 840 1041 900 ut
1060 818 1146 900 haec
1174 821 1290 930 signa
1307 852 1356 910 ex

309 957 660 1067 hydropecerebri
676 977 918 1058 nascantur3
947 955 1099 1038 etenim
1111 959 1196 1040 vidi
1208 989 1254 1042 ea
1267 989 1356 1044 om-

310 1095 381 1178 nia
394 1095 439 1174 in
457 1119 597 1202 puer0,
611 1091 726 1198 cujus
742 1093 955 1172 cerebrum
969 1119 1055 1174 non
1069 1093 1148 1174 nisi
1164 1120 1356 1182 consueta

309 1231 497 1316 humoris
527 1229 644 1336 copia
661 1228 945 1314 humectatum
962 1253 1059 1332 erat,
1078 1241 1187 1314 teste'
1200 1235 1357 1342 peritis·

303 1373 416 1470 ¹simo
435 1365 687 1467 anatomico,‘
705 1366 779 1484 qui
797 1365 966 1452 cadaver
979 1367 1186 1452 inciderat.

365 1507 544 1590 Adultus
560 1503 731 1615 quidam
748 1503 967 1612 impatibili
981 1505 1120 1588 dolus
1135 1505 1276 1616 capitis
1287 1533 1355 1597 oc-

310 1667 479 1754 cupatus
498 1663 572 1742 est,
600 1639 798 1748 cupiditas
818 1641 900 1722 cibi
919 1643 1044 1726 modo
1073 1671 1237 1726 summa
1256 1667 1354 1748 erat,

311 1784 439 1867 modo
450 1782 575 1882 nulla,
587 1779 796 1880 delirabat,
807 1779 994 1861 membra
1006 1779 1357 1884 distendebantur,

311 1921 513 2028 stupebat,
531 1939 572 1998 et
589 1915 704 1998 brevi
723 1916 905 2000 euinctus
921 1937 991 1999 est.
1047 1917 1279 2000 Ventricuii
1294 1945 1358 2001 ce·

311 2059 421 2148 rebri
435 2055 535 2140 adeo
550 2055 782 2163 turgebant,
800 2077 861 2156 ut,
871 2057 1060 2164 scalpello
1074 2055 1231 2160 adacto,
1249 2083 1357 2166 aqut

311 2199 357 2289 in
376 2194 600 2280 notabilem
617 2191 877 2274 altitudinem
895 2191 1059 2276 exiliret.

637 2393 1018 2440 w

731 2567 842 2650 Cas.
869 2535 964 2655 47·x
1051 2597 1053 2605 J

638 2749 708 2834 De
728 2749 1029 2862 Hydropbobiu.

158 2976 162 2984 ·
257 2899 261 2906 ⁴
365 2943 530 3025 Tisna
550 2939 614 3020 fui
624 2938 737 3025 haud
748 2936 962 3022 mediocris
978 2934 1136 3020 timoris
1152 2961 1283 3046 aquae,
1292 2937 1356 3016 vel

311 3081 489 3190 cujusvis
508 3077 693 3186 liquoris,
721 3077 975 3184 ultraquam
994 3073 1111 3156 dolor
1133 3073 1357 3158 devorandi

307 3219 524 3314 intulisset,
550 3216 597 3298 in
631 3243 751 3322 agro,
780 3213 895 3320 cujus
920 3211 1056 3292 fauces
1090 3207 1353 3292 inflammata

309 3377 436 3455 erant,
463 3375 504 3436 et
522 3353 618 3434 dein
637 3374 878 3460 suppuratae.
936 3345 1285 3458 Hydrophobiam
1308 3347 1355 3434 e'x
1491 3403 1492 3416 ι

306 3519 452 3586 morsu
469 3489 654 3571 animalis
674 3489 824 3572 rabiosi
843 3513 1063 3596 nunquam
1082 3483 1181 3574 vidi,
1206 3551 1210 3558 .

732 3889 840 3968 Cas.
861 3890 928 3968 48.

680 4071 750 4156 De
770 4072 980 4182 Hydrope.

360 4267 599 4348 Tasoaun
622 4283 692 4344 aut
720 4285 891 4341 crurum
909 4279 1106 4358 tumores,
1134 4254 1209 4364 qul
1231 4279 1351 4336 mane

297 4405 366 4486 ''vel
384 4403 645 4512 dissipantur,
662 4399 727 4485 vel
746 4397 927 4486 multum
942 4393 1204 4496 minuunmr,
1219 4389 1342 4478 fami·
