3104 5084
703 505 804 600 983

230 733 312 794 sat:
341 731 382 792 et
400 709 543 792 eodem
562 707 704 790 ordine
719 708 895 816 perrexit
914 707 1059 809 amitti,
1077 729 1117 790 et
1135 708 1271 816 recipi,

198 883 205 924 e
233 848 451 932 duodecim
465 847 560 928 dies.
605 847 711 928 Dein
731 873 877 926 navem
893 845 1069 952 reliquit,
1079 857 1121 926 et'
1137 863 1278 954 nycta-

235 986 341 1092 lopia
371 985 566 1092 paulatim
596 983 756 1065 minuta
786 1007 858 1084 est,
884 1005 924 1064 et
953 983 1061 1064 intra
1091 982 1278 1070 triduum

234 1123 414 1206 cessavit.
471 1125 562 1202 Post
577 1149 759 1204 mensem
777 1149 875 1202 cum
888 1120 976 1226 jam
995 1119 1116 1202 aliam
1131 1147 1278 1206 narem

235 1259 544 1358 conscendisset,
562 1280 707 1366 quarta
725 1279 842 1344 nocte
860 1257 1001 1340 eadem
1019 1257 1194 1338 caecitate
1208 1285 1275 1338 oc-

238 1419 410 1504 cupatus
442 1418 519 1496 est,
533 1423 625 1502 quae
656 1394 921 1501 perseveravit
950 1421 1100 1478 novem
1129 1416 1264 1476 noctes

234 1535 383 1616 scilicet
415 1532 616 1640 quamdiu
652 1533 697 1612 in
733 1531 828 1612 navi
865 1530 1027 1612 mansit.
1086 1531 1277 1636 Egressus

237 1669 387 1752 iterum
407 1669 622 1750 convaluit.
681 1671 776 1750 Non
792 1669 849 1748 ita
861 1667 936 1748 diu
950 1688 1041 1774 post
1059 1666 1104 1747 in
1118 1665 1279 1758 tertiam

210 1909 215 1916 μ
237 1835 385 1891 navem
405 1806 584 1905 intravit,
610 1805 686 1888 ubi
705 1805 850 1888 restitit
878 1805 1018 1888 decem
1036 1803 1134 1904 dies,
1160 1825 1201 1886 et
1215 1803 1278 1887 bis

239 1943 526 2030 tantummodo
542 1944 687 2024 morbo
702 1942 925 2041 laboravit3
955 1969 1040 2048 quo
1060 1967 1279 2047 nunquam

240 2105 376 2192 postea
394 2103 569 2164 tentatus
589 2103 658 2164 est.
716 2080 831 2162 Idem
850 2080 913 2160 vir
932 2079 994 2162 bis
1014 2078 1209 2162 inciderat
1235 2079 1280 2164 in

241 2219 528 2301 resolutionem
558 2245 761 2299 manuum
793 2247 817 2306 a
848 2215 1010 2326 plumbi
1046 2215 1280 2310 tractatione

241 2377 384 2448 ortam·

556 2507 954 2554 -···-.-=--··-==

659 2675 768 2756 Car.
791 2677 857 2758 67.

343 2865 412 2948 De
432 2863 592 2978 Ozaena,
612 2862 691 2964 sive
712 2860 1020 2954 Exulceratioae
1042 2863 1098 2946 M
1096 2869 1177 2952 alce.
1239 2864 1242 2872 ’

297 3029 381 3110 Pus
403 3027 553 3106 multos
574 3049 700 3102 annos
717 3021 933 3104 manavite
952 3051 1063 3124 cavo,
1082 3027 1195 3132 quod
1211 3056 1282 3108 an.
1307 3020 1310 3026 ’

152 3197 156 3212 ·
243 3186 357 3252 trum
384 3159 609 3268 Highmori
629 3180 786 3240 vocant.
845 3161 996 3246 Crebra
1014 3162 1169 3256 ablutio
1198 3193 1282 3246 sor,

245 3299 363 3380 dium
397 3325 467 3406 per
499 3323 650 3403 aquam
682 3293 932 3402 chamaemeli
967 3297 1012 3378 in
1043 3305 1193 3394 carnin
1219 3300 1282 3380 in-

242 3435 392 3536 fusam,
420 3435 556 3516 visum
583 3454 643 3514 est
670 3431 842 3514 unicum
871 3433 994 3540 hujus
1020 3437 1124 3518 mali
1140 3429 1310 3526 alleva-⁰

242 3596 442 3664 mentum.

554 3745 972 3837 Q

667 3920 775 4052 Cas..
797 3905 879 4002 68.Ι

495 4105 564 4190 De
583 4107 857 4220 Polpitatione
877 4106 1030 4192 Cardia
1049 4223 1053 4232 Δ

300 4266 536 4356 lusistis
558 4269 767 4356 interdum
782 4289 1005 4356 nascuntur
1023 4268 1282 4376 palpitatione
1410 4270 1416 4283 ⁴

247 4395 378 4490 cordis
397 4405 603 4514 occupati3
631 4427 753 4515 atque
772 4404 835 4490 his
855 4406 1096 4514 plerumque
1114 4409 1283 4514 pectoris
1313 4407 1315 4412 ’
