3050 5084
114 805 116 810 .
155 747 373 858 opportuni
393 769 512 855 sunt:
543 749 616 855 qui
636 769 773 828 autem
789 750 910 830 semel
929 753 1081 862 experti
1099 777 1195 835 sunt

153 885 263 966 hunc
279 887 488 984 morbum,
507 885 558 965 ab
573 883 657 990 situ
674 887 912 990 contagione
926 888 971 967 in
985 911 1194 995 posterum

152 1023 281 1103 securi
291 1044 422 1122 sunt;
453 1049 694 1130 quanquam
709 1022 760 1100 ab
776 1022 990 1130 inexpertis
1003 1025 1193 1108 facillime

152 1159 417 1241 contrahitur.
476 1151 609 1239 Filum
627 1159 813 1258 linteum,
832 1157 1005 1242 humore
1026 1165 1194 1245 variola·
1282 1144 1286 1154 ¹

151 1321 246 1376 rum
266 1295 506 1401 pusiiiarur‘n
525 1313 716 1375 concocto
736 1293 963 1396 madidum,
989 1296 1194 1382 ‘insertum
1238 1339 1240 1347 >

149 1429 232 1514 fuit
250 1433 494 1514 vulnusculo
512 1431 619 1514 facto
637 1431 683 1512 in
701 1430 868 1512 brachio
887 1431 1107 1538 cujusdam
1119 1437 1194 1543 qui

134 1569 251 1651 ¹olim
270 1569 348 1650 hoc
362 1569 508 1653 morbo
527 1569 796 1667 laboraverat3
824 1590 864 1650 et
878 1595 1010 1676 neque
1022 1572 1193 1657 vulnus*

149 1705 294 1788 culum
322 1728 529 1812 propterea
557 1705 711 1790 tardius
743 1727 933 1788 sanatum*
956 1728 1193 1822 sanaeque

148 1843 242 1927 ullae
277 1869 442 1950 prorsus
473 1841 659 1924 venenati
693 1841 871 1924 vulneris
904 1865 1009 1924 nota
1048 1867 1191 1958 secutae

148 2002 261 2062 sunt.
1113 1993 1114 1998 '

204 2120 343 2200 Mater
365 2116 546 2202 duorum
572 2141 807 2222 puerorum,
832 2115 906 2224 qui
926 2118 1086 2202 variolis
1116 2147 1192 2224 pu·

80 2245 81 2252 Ν
148 2253 248 2344 sillia
268 2251 464 2359 implicati
483 2273 609 2352 erant,
627 2274 768 2334 octavo
784 2254 846 2332 vel
867 2281 976 2334 nono
995 2253 1060 2334 die
1073 2283 1095 2334 a
1107 2281 1193 2336 ma·

146 2391 317 2472 turitate
332 2363 602 2496 pustulat-uin,
616 2390 741 2494 coepit
752 2389 895 2472 eodem
910 2391 1055 2471 morbo
1069 2419 1194 2497 aegro-

144 2547 245 2610 tare.
305 2522 542 2634 spatiumne
556 2526 681 2633 igitur
691 2526 802 2608 idem
816 2553 972 2633 semper
983 2527 1194 2610 intercedit

142 2665 259 2758 inter
278 2665 574 2772 contagionem,
593 2687 633 2745 et
651 2663 787 2746 morbi
805 2665 998 2746 initium?

205 2805 387 2884 Curatur
401 2801 468 2884 hic
480 2785 648 2884 morbus
662 2802 795 2908 quiete
807 2801 935 2882 animi
947 2823 986 2882 et
1001 2803 1192 2908 corporis,

145 2962 189 3024 et
209 2939 456 3026 abstinentia
475 2967 498 3018 a
517 2965 647 3038 carne,
662 2937 850 3044 vinoque.
1162 3041 1166 3048 ὓ

205 3079 327 3158 verae
341 3075 513 3176 variola,
524 3103 620 3158 cum
636 3085 770 3180 paucae
788 3096 898 3178 sunt,
925 3095 964 3157 et
982 3072 1194 3174 distincte,

136 3215 292 3322 quales
313 3239 469 3318 semper
484 3211 589 3296 mihi
607 3212 701 3292 uisae
726 3229 822 3292 sunt
840 3211 998 3292 variola
1028 3211 1195 3316 pusillae,

144 3351 202 3434 ab
222 3351 290 3432 his
305 3349 479 3432 discerni
493 3370 663 3454 possunt
681 3349 811 3430 tribus
827 3345 1086 3453 potissimum
1097 3375 1194 3429 con·

141 3485 393 3568 ditionibus.
450 3487 560 3566 Nam
577 3485 724 3591 primo,
742 3511 844 3565 vera
864 3509 1082 3589 nunquam
1101 3505 1194 3565 ante

144 3641 353 3732 quartum
370 3621 481 3706 diem
498 3643 669 3704 exeunt:
697 3619 855 3720 deinde,
878 3617 928 3700 ¹in
946 3647 1089 3700 earum
1107 3620 1192 3725 api-

143 3763 270 3847 cibus
291 3761 427 3851 nullus
446 3759 598 3840 humor
617 3781 675 3839 est
694 3757 884 3855 secundo,
907 3757 1075 3845 tertiove
1102 3755 1189 3840 dies
1210 3732 1216 3744 ¹

143 3927 228 3986 nec
248 3897 425 4006 denique
445 3919 590 3980 crustae
607 3917 705 3977 sunt
723 3894 880 4002 quinto.
