3002 5086
751 373 862 490 ooo

285 571 472 682 primerio,
491 591 613 684 atque
632 575 707 658 iter
731 575 776 656 in
794 597 1188 685 utramquepartem
1206 575 1331 662 inter·

285 714 422 820 sepire.
492 714 542 794 In
574 711 663 820 ipso
695 713 899 795 moriendi
932 715 1115 816 articulo,
1146 693 1329 821 ejnsdetn

283 849 467 934 humoris
482 849 690 956 repentina
705 849 1065 956 profusioeurtum
1075 873 1116 934 et
1133 853 1327 934 deorsum

281 986 468 1067 factaeet.
527 985 782 1092 Hujusmodi
794 988 988 1088 vomitus,
1001 1009 1041 1071 et
1052 1009 1190 1070 venter
1203 989 1327 1070 simul

282 1151 412 1231 quam
425 1123 600 1204 maxime
613 1121 798 1223 inflatus,
811 1123 1087 1233 intentusque,
1103 1127 1219 1231 signa
1231 1146 1333 1237 sunt¹

114 1271 118 1282 '
241 1325 249 1338 ,
281 1259 459 1366 capitalis
471 1259 652 1366 periculi,
671 1285 720 1340 ex
736 1285 821 1367 quo
836 1260 1044 1343 neminem
1057 1263 1227 1344 evasisse
1242 1291 1327 1346 me·

197 1405 203 1416 '
280 1397 397 1480 mini.
455 1400 539 1478 Nec
558 1398 758 1478 tamenin
778 1397 934 1504 scriptis
950 1398 1220 1502 medicorum,
1240 1423 1325 1482 tam

280 1555 477 1636 veterum,
516 1561 644 1642 quam
685 1534 923 1636 recentium,
959 1535 1107 1616 desunt
1142 1535 1323 1619 historiae

279 1697 497 1776 aegtorum,
526 1671 600 1779 qui
618 1671 741 1753 etiam
764 1697 813 1752 ex
835 1671 899 1752 hie
929 1672 1045 1753 malie
1076 1667 1176 1754 salvi
1194 1699 1324 1756 emer·

278 1829 428 1888 terunt.
1224 1819 1226 1822 ’

334 1946 483 2026 Dolore
514 1943 690 2055 cesetnte
720 1943 805 2025 sine
836 1943 933 2050 aegti
955 1941 1236 2046 allevamento,
1264 1971 1320 2026 te-

277 2104 465 2189 quuntur
484 2099 669 2188 angeret
689 2080 855 2187 jactatio
874 2080 962 2185 ipso
986 2079 1123 2162 dolore
1142 2082 1319 2188 pejores:

276 2197 517 2326 quanqtiam
529 2240 666 2299 autem
680 2217 742 2297 his
757 2215 916 2298 accedat
928 2215 1078 2322 vigilia,
1093 2233 1217 2324 atque
1232 2247 1319 2302 om·

274 2379 345 2436 nes
365 2355 457 2438 vitae
477 2355 581 2435 vires
601 2354 829 2457 concidant,
856 2379 947 2434 raro
966 2375 1103 2435 tamen
1123 2351 1258 2458 fic.ut
1273 2354 1317 2437 hi

274 2491 371 2598 aegri
389 2491 570 2572 delirent.
1219 2473 1221 2476 ⁵

330 2629 545 2734 Proprium
581 2647 621 2708 et
652 2625 905 2734 precipuum
942 2625 1143 2708 indicium
1179 2629 1314 2709 colicae

272 2741 370 2846 cnm
384 2758 719 2867 inflammatione,
732 2765 854 2845 etiam
868 2763 914 2843 in
928 2763 1016 2871 ipso
1030 2758 1167 2844 morbi
1182 2763 1313 2866 initio,

271 2925 331 2986 est
345 2904 458 2985 alvus
473 2931 522 2986 ex
533 2923 620 2986 toto
632 2923 866 3008 suppressa·;
896 2921 1023 3008 quam
1034 2887 1196 2980 movere
1211 2927 1313 2982 cem·

269 3067 341 3148 per
359 3039 522 3122 difficile
536 3061 608 3142 est,
627 3063 800 3147 quaeque
819 3061 906 3117 non
920 3049 1011 3117 raro
1029 3035 1170 3116 omnia
1183 3037 1312 3118 medi·

270 3202 454 3260 camenta
471 3177 609 3259 vincit.
670 3178 998 3290 Quamprimum·
1021 3175 1134 3255 alvus
1153 3176 1312 3282 copiose

269 3313 445 3414 fluxerit,
463 3315 648 3420 protinus
668 3315 808 3394 omnia
825 3313 932 3394 maia
954 3309 1062 3392 fiunt
1081 3312 1244 3415 leviora,
1271 3299 1310 3394 e't

269 3475 373 3556 teget
391 3448 472 3532 cito
491 3449 742 3532 convalescit.
798 3449 959 3548 Verum
977 3471 1063 3529 non
1091 3449 1182 3530 licet
1200 3427 1309 3530 mot·

268 3585 374 3666 bum
391 3567 533 3693 putore
551 3607 800 3695 superatum,
826 3613 876 3668 ex
895 3613 979 3666 una
997 3599 1068 3666 aut
1090 3585 1212 3666 altera
1229 3585 1309 3666 exi·

267 3751 350 3831 gua
377 3725 615 3833 dejectione:
644 3751 743 3806 nam
776 3723 921 3833 primo
939 3724 1003 3804 vel
1037 3722 1214 3804 secundo
1243 3721 1308 3804 die

267 3885 407 3944 venter
425 3891 527 3971 eaepe
545 3863 724 3946 excernit
751 3891 797 3944 ea
816 3889 908 3970 quae
926 3861 975 3940 in'
990 3881 1099 3942 recto
1117 3859 1307 3940 intestino

265 4001 546 4103 morabantur,
572 4003 692 4108 longe
721 4027 745 4081 a
770 3999 861 4082 sede
889 3997 1039 4099 morbi,
1066 4019 1107 4080 et
1131 3999 1216 4104 ipse
1243 3995 1310 4077 ni·

264 4137 350 4222 hilo
369 4141 495 4223 secius
523 4139 719 4223 increscit.
777 4140 922 4245 Neque
946 4136 1076 4245 tnagis
1095 4134 1304 4242 proficitur

265 4277 341 4360 ubi
369 4277 525 4364 ultimis
550 4277 688 4362 morbi
715 4275 861 4360 diebos
890 4275 1037 4384 exiguo
1066 4277 1200 4384 portio
1227 4273 1302 4356 hu·
