3002 5086
617 463 622 476 ·
756 414 859 516 218

285 623 379 726 tint,
406 651 471 706 eas
490 619 704 730 prohibere
723 649 809 706 non
827 625 1043 732 oportebit,
1069 627 1145 716 ubi
1164 629 1217 713 ab
1232 629 1328 716 icte'-

270 761 367 846 *rico
379 782 637 868 expetantur.

337 899 447 980 Inter
465 898 576 980 varia
602 897 780 1004 corporis
800 897 973 980 humani
999 903 1106 984 mala
1124 902 1194 987 vix
1214 903 1327 992 aliud

280 1033 534 1142 frequentius
565 1057 637 1134 est,
666 1063 793 1140 quam
821 1036 1036 1118 ventriculi
1064 1037 1208 1139 dolor;
1238 1043 1329 1148 qui,

280 1171 438 1253 nisime
453 1171 592 1252 omnia
606 1169 768 1271 fallunt,
787 1171 900 1252 haud
914 1199 1005 1254 raro
1019 1174 1186 1262 initium
1202 1176 1327 1262 habet

280 1337 304 1390 a
336 1309 416 1390 bile
446 1331 735 1410 concrescente,
761 1309 826 1390 vel
858 1332 1007 1410 coacta,
1036 1314 1225 1420 quamvis
1259 1343 1326 1400 ca-

278 1447 387 1527 nales
406 1445 596 1528 nondum
609 1445 708 1528 adeo
721 1445 964 1552 impedierit,
982 1469 1029 1531 ut
1043 1471 1151 1533 retro
1170 1450 1216 1536 in
1231 1479 1324 1537 san·

278 1583 448 1690 guinem
466 1604 657 1682 vertatur,
684 1603 724 1665 et
742 1581 864 1665 faciat
891 1583 1076 1668 icterum.
1137 1589 1230 1672 Jam
1249 1589 1328 1673 diu

279 1745 340 1804 est
359 1723 473 1830 quod
490 1723 621 1804 multa
639 1749 705 1804 me
724 1746 943 1807 moverunt
962 1723 1039 1806 hoc
1059 1725 1268 1831 suspicari,
1286 1749 1330 1814 et

279 1860 325 1940 in
344 1889 474 1942 annos*
491 1860 670 1964 singulos
691 1858 776 1940 haec
800 1860 974 1966 suspicio
994 1859 1235 1950 confirmata
1251 1885 1325 1948 est.

278 1999 388 2078 Nam
402 1996 448 2076 in
466 1996 605 2076 multis
626 1996 777 2102 quibus
798 2023 868 2102 per
887 1998 1043 2104 aliquot
1061 2027 1232 2096 menses,
1252 2025 1328 2086 aut

280 2133 403 2218 etiam
422 2160 563 2234 annor,
581 2131 789 2214 familiaris
808 2133 941 2224 fuerat
960 2137 1174 2219 ventriculi
1193 2138 1327 2240 dolor,

278 2269 366 2350 vidi
379 2299 476 2352 eum
494 2271 659 2354 tandem
672 2270 851 2353 desinere
870 2270 915 2350 in
929 2271 1112 2354 icterum.
1171 2275 1325 2357 Nullus

278 2405 417 2515 itaque
434 2407 546 2490 locus
558 2405 784 2523 ¹dubitandi
802 2407 852 2488 de
871 2407 946 2493 hac
970 2436 1012 2490 re
1034 2408 1139 2490 mihi
1159 2409 1324 2496 relictus

278 2566 348 2626 est
408 2544 547 2656 Quare
565 2541 640 2624 ubi
657 2543 895 2650 hujusmodi
913 2545 1030 2626 dolor
1048 2573 1149 2651 saepe
1169 2569 1324 2653 repetat

278 2681 365 2763 eine
393 2681 536 2790 quavis
559 2679 635 2764 alit
662 2681 875 2764 manifesta
891 2709 1037 2782 xcausa,
1065 2703 1187 2788 atque
1217 2711 1323 2789 aeger

280 2817 404 2898 simul
434 2839 627 2924 queratur
657 2845 822 2900 sensum
850 2819 1056 2924 gravitatis
1087 2818 1323 2919 molestum,
1423 2853 1427 2860 *

187 2936 189 2940 ¹
276 2953 339 3036 ibi
360 2953 452 3037 bilis
472 2957 713 3062 plerumque
741 2953 816 3037 erit
834 2953 956 3042 nimie
977 2981 1119 3054 cressa,
1146 2977 1187 3038 et
1205 2955 1320 3042 auxi-

277 3093 382 3172 lium
397 3092 618 3198 petendum
631 3092 707 3175 erit
725 3091 777 3172 ab
792 3090 840 3170 iis
861 3118 952 3204 quae
968 3119 1130 3175 vomere
1148 3091 1321 3193 faciunt,

277 3249 318 3318 et
327 3229 387 3326 fab
408 3257 523 3336 aquae
549 3228 715 3313 marinae
735 3229 911 3335 potione,
939 3251 1010 3310 aut
1029 3229 1115 3312 aliis
1144 3229 1320 3319 medica-

276 3365 424 3452 mentis
445 3395 535 3474 quae
555 3367 695 3452 alvum
710 3364 852 3448 leniter
871 3366 1046 3451 solvunt.

600 3573 1001 3622 w

697 3741 805 3823 Cnr.
832 3741 900 3826 51.

631 3974 634 3980 .
703 3903 772 3986 De
791 3903 889 3986 Ileo.

329 4061 475 4160 Inue,
505 4060 588 4144 sive
606 4055 878 4152 inflammatio
896 4059 1198 4161 intestinorum,
1216 4085 1316 4168 pru»

273 4197 390 4306 cipue
416 4198 575 4290 invadit
603 4199 777 4304 adultos,
808 4197 903 4284 tum
931 4198 1108 4285 maxime
1140 4225 1208 4280 eos
1239 4193 1313 4307 qui
