2990 5078
372 696 515 778 Febres
535 693 732 794 ardentes,
759 695 897 801 quales
917 691 1024 774 fiunt
1043 685 1118 774 ubi
1147 695 1359 802 peripneu-

278 869 283 876 ·
315 833 468 934 monia,
487 831 719 940 pleuritisv'e
738 853 810 932 est,
838 853 909 912 aut
927 831 1124 932 faucium,
1149 831 1358 916 intestino-

314 997 424 1070 rum,
452 991 523 1050 aut
551 969 724 1049 aliarum
742 968 921 1074 partium
950 967 1237 1069 inflammatio,
1265 997 1355 1050 raro

315 1127 511 1189 sanantur
531 1103 616 1187 sine
636 1105 881 1189 detractione
910 1105 1118 1210 sanguinis
1138 1105 1298 1211 copiosa
1317 1129 1357 1188 et

314 1244 491 1349 repetita.
548 1241 690 1324 Febres
710 1264 940 1340 castrenses,
965 1265 1005 1322 et
1024 1270 1115 1349 quae
1136 1241 1286 1322 har'um
1306 1243 1358 1323 si-

314 1379 428 1460 miles
450 1399 559 1479 sunt‚
578 1377 779 1460 rarissime
798 1381 1016 1485 postulant,
1043 1401 1113 1460 aut
1131 1378 1271 1459 ferunt
1290 1407 1358 1460 ve·

313 1544 411 1597 nam
426 1515 552 1598 incidi
565 1549 577 1617 3
607 1517 675 1597 sed
690 1515 735 1596 in
749 1515 867 1596 initio
883 1515 1094 1623 permagni
1107 1517 1272 1598 interest
1286 1543 1357 1597 vo-

314 1653 465 1734 mendo
477 1652 752 1733 ventriculum
764 1679 950 1760 purgare,
961 1653 1077 1760 quod
1088 1681 1173 1733 non
1185 1653 1356 1734 obscure

312 1783 465 1872 indicat
479 1817 628 1870 nausea
640 1817 732 1897 quae
748 1789 817 1870 illo
832 1777 1012 1896 tempore
1027 1817 1183 1898 agrum
1197 1787 1353 1895 fatigat.

310 1921 391 2008 Ad'
416 1926 495 2008 hoc
522 1927 632 2007 utilis
667 1949 726 2008 est
762 1927 1037 2034 ipecacoanhae
1065 1928 1110 2006 in
1145 1929 1355 2034 pulverem

311 2063 416 2156 tritae
431 2065 643 2171 scrupulus
657 2091 754 2144 cum
766 2065 982 2146 antimonii
1002 2063 1214 2146 tartarisati
1225 2089 1354 2171 grano

312 2227 422 2301 un03
451 2201 562 2282 unde
595 2227 680 2282 non
710 2203 845 2282 solum
875 2199 1106 2282 stomachus
1136 2203 1355 2301 vomendo,

243 2417 247 2424 .
311 2338 382 2419 sed
394 2337 634 2444 plerumque
646 2335 768 2418 etiam
781 2339 893 2419 alvus
906 2337 1130 2444 dejiciendo
1142 2362 1355 2444 purgatur,

310 2503 397 2557 non
408 2476 493 2557 sine
506 2477 636 2556 multo
649 2473 856 2556 febrientis
872 2475 1101 2558 commodo.
1160 2479 1255 2556 Hoc
1268 2500 1387 2566 ms.
1484 2513 1485 2541 ³

297 2613 539 2696 dicamento
551 2639 699 2694 nausea
710 2613 868 2719 penitus
878 2611 1026 2693 discuti
1037 2615 1148 2713 solet,
1159 2635 1198 2694 et
1207 2616 1352 2696 eodem

309 2751 477 2857 repetito
490 2751 557 2830 vix
568 2779 865 2862 unquamopus
877 2772 946 2830 est.
989 2749 1229 2855 Saepeetiam
1240 2751 1352 2857 prin·
1481 2805 1482 2809 =

310 2883 416 2992 cipio
428 2887 543 2968 dolor
555 2888 669 2968 estin
683 2885 810 2998 capite
824 2885 1143 2986 molestissimus,
1158 2887 1210 2966 ad
1225 2915 1351 2994 quem
1480 2895 1481 2899 ‘

306 3025 572 3130 emplastrum
591 3022 834 3105 cantharidis
850 3023 956 3102 inter
975 3023 1154 3128 scapulas
1180 3024 1349 3130 imposi-
1478 3073 1479 3079 κ

306 3182 399 3240 tum
410 3161 775 3268 praesentissimum
786 3159 1015 3240 remedium
1028 3183 1097 3240 est.
1147 3161 1196 3240 In
1211 3161 1350 3249 dolore

306 3295 505 3393 faucium,
543 3296 771 3402 pleuritide,
799 3319 839 3377 et
877 3296 1226 3403 peripneumonia,
1263 3325 1349 3377 em·
1403 3372 1406 3380 .

305 3431 455 3538 plastra
483 3459 649 3540 quoque
668 3432 911 3515 cantharidis
932 3435 1114 3528 multum
1139 3403 1348 3526 conferant

306 3567 360 3648 ad
386 3567 755 3654 inflammationem
787 3571 1079 3678 mitigandam:
1109 3595 1243 3686 neque
1271 3571 1350 3655 mi·
1425 3667 1429 3679 q

305 3705 399 3786 nori
431 3709 617 3815 praesidio
633 3731 729 3791 sunt
747 3709 792 3790 in
806 3709 989 3790 febribus
1019 3706 1148 3807 malis,
1173 3708 1249 3790 ubi
1263 3726 1349 3795 ms·

301 3841 436 3948 jorem
454 3845 499 3928 in
513 3848 688 3936 modum
700 3845 802 3952 aegri
817 3847 1030 3952 languent3
1060 3844 1217 3929 animos
1237 3846 1371 3963 enim*

304 3979 475 4084 addunt,
486 4006 525 4069 et
535 3985 637 4068 vires
644 3983 821 4091 jacentes
833 3982 1018 4064 excitant.
1053 3981 1346 4087 stranguriam,
1371 3966 1389 3998 ”

303 4143 394 4224 quae
414 4147 462 4201 ex
480 4119 543 4206 his
563 4121 771 4206 interdum
791 4119 935 4220 oritur,
959 4119 1153 4201 levabunt
1172 4119 1265 4219 olei,
1283 4117 1344 4208 vel

195 4255 202 4276 '
301 4283 436 4364 aquae,
454 4259 589 4344 unciae
610 4287 678 4340 sex
692 4281 732 4340 et
746 4257 937 4342 tincturae
954 4258 1037 4365 opii
1048 4277 1181 4363 guttas
1198 4255 1343 4364 viginti

298 4390 344 4476 in
358 4395 498 4478 alvum
510 4393 671 4484 infusa.
725 4395 769 4480 si
783 4417 923 4510 venter
941 4391 1131 4510 profluat,
1149 4393 1198 4478 iis
1214 4419 1340 4481 rems-
