2990 5078
768 421 870 518 150

298 633 395 718 nuit
412 631 524 713 hunc
536 626 739 729 affectum,
752 627 797 710 in
812 627 1024 712 aliisradix
1038 629 1246 713 valerianae
1261 633 1339 743 syl·

197 801 201 808 ·
302 768 444 852 vestris
470 769 581 849 intus
607 767 710 848 data.
769 766 883 846 Anni
908 788 1160 873 tempestates
1190 773 1339 852 nullius

304 929 401 988 sunt
423 905 621 986 momenti
640 907 703 984 vel
723 904 773 983 ad
789 903 1015 1002 levandam,
1033 905 1096 985 vel
1115 905 1167 986 ad
1185 935 1342 1015 exaspe-

303 1046 474 1127 randam
486 1071 671 1124 esseram:
692 1043 934 1124 tantundem
945 1045 1079 1126 valent
1090 1047 1210 1146 calor,
1221 1070 1260 1128 et
1271 1047 1343 1128 fri-

303 1213 393 1290 gus.
450 1183 584 1288 Tepor
610 1180 701 1260 lecti
727 1180 853 1260 modo
872 1180 996 1280 auxit,
1015 1181 1140 1261 modo
1159 1183 1345 1266 cohibuit

302 1317 816 1424 morbumetpruriginem.
842 1299 1345 1427 Lavatiomarinafrigida,

304 1457 370 1536 vel
385 1454 525 1554 calida,
544 1453 659 1534 omni
679 1452 864 1561 profectu
889 1453 1104 1559 saepissime
1123 1457 1291 1556 caruit3-
1306 1481 1347 1540 et

207 1577 210 1588 ¹
305 1611 454 1702 paucos
473 1591 561 1671 illos
577 1590 696 1671 falsos
719 1617 801 1670 esse
821 1615 934 1696 puto,
953 1590 1027 1698 qui
1046 1592 1235 1699 suspicati
1249 1619 1348 1678 sunt

306 1713 392 1809 haec
411 1729 473 1808 vel
493 1727 608 1808 utilia
627 1725 764 1826 fuisse,
792 1728 855 1808 vel
880 1727 1111 1832 perniciosa.
1169 1732 1351 1813 Medica·

305 1887 446 1946 menta
460 1893 507 1944 ex
522 1864 793 1972 hydrargym,
811 1885 881 1943 aut
896 1863 1102 1969 sulphure,
1131 1865 1234 1946 nihil
1255 1898 1351 1976 pro-

306 2000 515 2100 fecerunt3
544 2023 583 2082 et
611 2001 725 2081 radix
744 1999 937 2082 hellebori
966 2001 1048 2081 albi
1066 2001 1112 2082 in
1139 2005 1352 2108 pulverem

240 2193 243 2201 ·
309 2141 416 2237 trita,
435 2137 497 2218 vel
517 2165 623 2244 aqua
647 2137 692 2216 in
712 2165 795 2243 qua
813 2166 859 2218 ea
886 2137 1049 2218 decocta
1067 2161 1139 2238 est,
1167 2162 1352 2223 tantum·

307 2273 434 2354 modo
453 2274 496 2352 id
515 2297 697 2380 egerunt,
715 2295 763 2354 ut
781 2273 833 2353 ad
847 2274 969 2354 breve
984 2295 1144 2384 tempus
1163 2301 1351 2362 mutave-

309 2412 393 2492 rint
412 2410 664 2517 pruriginem
691 2411 737 2489 in
755 2410 947 2494 dolorem.
1007 2413 1194 2494 Molestia
1224 2415 1351 2524 hujus

310 2547 474 2628 affectus
487 2547 788 2652 aliquantulum
796 2547 922 2626 levata
935 2569 1006 2648 est,
1017 2571 1235 2657 postquam
1244 2553 1352 2636 cutis

309 2683 411 2764 illita
429 2657 510 2762 f'uit
522 2682 622 2782 oleo,
641 2684 704 2763 vel
722 2704 845 2782 aceto,
864 2683 927 2764 vel
947 2683 1091 2790 spiritu
1110 2687 1208 2768 vini.

366 2822 566 2901 Tumores
583 2821 656 2928 qui
674 2819 719 2899 in
739 2819 816 2900 hoc
835 2819 982 2915 morbo
1001 2846 1238 2926 nascuntur,
1258 2831 1355 2911 nul-

310 2957 637 3044 lumhumorem
659 2957 769 3036 intus
790 2979 937 3038 tenent.
995 2961 1133 3066 Atque
1152 2959 1227 3044 hac
1256 2992 1359 3047 con-

310 3095 465 3190 ditione
479 3123 606 3176 essera
620 3117 659 3174 et
672 3121 791 3200 psora
804 3094 910 3174 inter
923 3122 964 3174 se
983 3095 1158 3198 distant3
1187 3126 1287 3182 nam
1311 3105 1360 3186 in

309 3246 430 3338 psora
440 3233 611 3338 pustulae
624 3227 721 3312 sunt
732 3209 850 3338 aqua,
865 3253 936 3312 aut
947 3260 1047 3338 pure
1063 3235 1199 3339 plenae.
1242 3238 1359 3348 Saepe

302 3392 451 3449 ¹autem
469 3367 518 3450 fit
535 3390 583 3448 ut
600 3367 645 3447 in
663 3395 803 3468 essera,
831 3389 1044 3449 tumorum
1068 3371 1249 3476 apicibus
1270 3403 1360 3460 sca-

313 3505 449 3586 bendo
464 3503 632 3605 detritis,
647 3503 918 3612 subsequatur
932 3529 1078 3608 crusta,
1094 3537 1198 3618 quae,
1211 3512 1295 3594 nisi
1311 3545 1360 3598 ex

315 3639 433 3746 signo
451 3640 670 3748 proposito,
691 3669 798 3758 aegre
812 3643 1054 3723 discernitur
1072 3673 1204 3726 avera
1222 3677 1359 3754 psora.

314 3777 455 3858 Essera
480 3805 565 3858 non
591 3799 650 3859 est
670 3779 925 3885 contagiosa3
955 3781 1068 3886 quod
1086 3809 1154 3863 me
1178 3785 1363 3890 plurima

314 3915 498 4020 exempla
525 3915 764 3998 docuerunt.
822 3917 952 3996 Semel
980 3939 1143 4000 tantum
1170 3921 1365 4008 dubitavi

313 4079 369 4132 an
384 4051 447 4132 vir
465 4047 578 4134 illam
595 4052 648 4133 ab
667 4079 792 4160 uxore
807 4054 1077 4136 contraxisset

371 4185 508 4267 Haud·
538 4187 779 4270 crediderim
815 4187 1022 4293 humores,
1060 4213 1130 4274 aut
1167 4193 1364 4282 habitum

315 4323 493 4432 corporis
513 4323 648 4418 vitiari
664 4324 712 4408 in
739 4324 818 4408 hoc
836 4327 995 4410 morbo.
1054 4329 1226 4438 Proinde
1245 4336 1367 4426 nulla
