3002 5086
628 483 728 578 995

145 683 276 770 thidis
295 686 510 794 compositi
529 659 654 793 graina
670 690 856 798 quinque
877 689 1046 799 singulis
1076 691 1194 774 semi-

146 822 263 906 horis
278 823 406 906 donec
419 825 533 906 alvus
546 827 805 932 responderit.
865 830 960 910 Duo
976 829 1195 911 cochlearia

137 957 311 1068 jusculi,
326 961 389 1041 vel
405 988 519 1067 aquae
535 961 710 1042 menthae
725 963 960 1070 piperitidis,
979 966 1023 1046 in
1043 965 1195 1072 quibus

144 1097 439 1207 dissolutafuit
453 1097 782 1204 sesquidrachma
793 1104 1007 1206 magnesiae
1022 1102 1196 1183 vitriola·
1290 1157 1293 1162 -

142 1257 216 1336 tae,
244 1235 453 1316 nonnullis
480 1257 576 1314 sunt
605 1233 698 1315 satis
728 1236 962 1337 tolerabilia,
990 1239 1082 1319 licet
1110 1237 1195 1318 haec
1279 1205 1283 1220 ι

138 1374 275 1454 etiam
286 1372 500 1478 repetenda
511 1373 592 1453 sint
606 1373 776 1478 singulis
791 1374 1013 1456 semihoris.
1063 1375 1195 1456 Infusi

142 1537 320 1619 quoque
340 1535 473 1590 sennae
494 1535 565 1616 par
576 1509 737 1609 modus,
759 1510 901 1590 eodem
919 1511 1044 1592 modo
1063 1512 1196 1612 datus,

141 1647 213 1730 vel
232 1647 357 1728 etiam
371 1646 574 1728 cochleare
590 1647 666 1728 olei
682 1649 887 1727 seminum
899 1647 1019 1728 ricini
1038 1649 1195 1731 exitum

141 1777 386 1866 habueruut
404 1783 573 1865 felicem.
631 1785 725 1864 Hoc
745 1785 881 1864 oleum
900 1784 1112 1892 diligenter
1131 1786 1194 1864 in·

140 1923 346 2003 fricatum
364 1921 576 2004 abdomini
603 1920 648 2000 in
666 1947 752 2000 uno
780 1943 819 2002 et
839 1923 961 2001 altero
980 1921 1116 2004 visum
1135 1944 1195 2004 est

141 2060 336 2140 multum
350 2057 531 2138 conferre
551 2056 602 2137 ad
621 2079 805 2137 ventrem
824 2057 1079 2166 liquendum.
1120 2061 1195 2140 Ca·

137 2197 329 2296 lomelas,
356 2215 396 2276 et
428 2193 505 2280 alia
536 2193 712 2275 remedia
745 2222 793 2274 ex
825 2191 1095 2304 hydrargyro,
1131 2195 1194 2276 di·

140 2356 305 2416 cuntur
332 2357 477 2438 augere
496 2329 583 2410 rim
601 2331 880 2440 purgantium,
908 2353 947 2413 et
966 2359 1011 2412 ea
1030 2332 1195 2413 reddere
1301 2383 1303 2390 .

137 2469 393 2556 efficaciora:
423 2493 568 2548 verum
579 2467 683 2548 hanc
697 2469 852 2575 argenti
863 2469 947 2549 vivi
959 2467 1193 2552 facultatem

143 2635 254 2693 usus
288 2605 394 2688 mihi
422 2605 611 2686 nondum
642 2603 1035 2688 satisconfirmavit.
1094 2605 1196 2688 Fieri

106 2719 110 2728 .
141 2765 286 2858 potest
302 2763 364 2843 ut,
393 2741 545 2849 quibus
571 2741 615 2821 id
638 2741 831 2842 dederim,
860 2743 981 2823 nullis
1008 2742 1195 2824 remediis

139 2901 285 2966 essem
299 2879 553 2960 medicabiles
564 2913 575 2979 3
595 2901 635 2960 et
645 2877 773 2960 fateor
787 2907 854 2960 me
868 2880 996 2959 rarius
1004 2907 1059 2959 eo
1071 2905 1195 2958 usum

140 3046 246 3101 esse.
307 3015 527 3121 Exiguum,
556 3043 626 3096 seu
655 3016 789 3122 potius
816 3017 978 3096 nullum
997 3015 1196 3094 auxilium

142 3177 212 3239 est
241 3153 354 3234 iniis
387 3181 478 3260 quae
499 3154 550 3234 ab
570 3151 830 3234 inferioribus
851 3153 1035 3259 partibus
1055 3149 1196 3231 infun-

140 3291 515 3398 duntur,exceptis
536 3317 628 3397 quae
647 3289 754 3370 fiunt
777 3319 824 3372 ex
843 3289 949 3372 foliis
969 3291 1193 3371 nicotiana.

142 3433 200 3512 In
216 3455 334 3536 aqua
349 3427 539 3510 ferventis
555 3428 693 3509 uncias
708 3427 925 3509 duodecim
940 3427 1119 3508 mittitur
1132 3427 1196 3506 fo·

142 3568 307 3650 liorum
332 3565 538 3664 drachma,
565 3565 628 3645 vel
661 3564 783 3646 etiam
801 3564 1003 3644 drachma
1024 3565 1128 3664 duae,
1156 3585 1196 3644 et

145 3705 311 3784 humor
329 3702 481 3783 colatus
501 3702 545 3782 in
564 3702 703 3782 alvum
721 3701 881 3783 infusus
898 3702 1102 3782 vomitum
1114 3727 1199 3780 non

141 3838 355 3922 excitavit.
393 3838 526 3944 Caput
545 3863 642 3918 vero
660 3837 755 3920 inde
774 3839 983 3920 consuevit
1002 3835 1199 3941 vertigine

145 3975 263 4059 affici
276 3973 406 4080 magis
422 4001 552 4082 quam
571 4003 593 4056 a
611 3973 741 4057 fumo.
791 3979 943 4056 Fumus
959 3975 1196 4056 immittitur

147 4139 228 4222 per
245 4111 399 4212 follem,
427 4111 557 4219 qualis
572 4112 697 4217 vulgo
713 4111 928 4192 adhibetur
943 4111 994 4191 ad
1009 4109 1197 4190 suffumi-

146 4247 309 4358 gandas
322 4248 483 4328 arbores
497 4248 747 4330 animalculis
761 4249 924 4349 obsitas,
935 4270 974 4329 et
986 4245 1126 4328 similis
1140 4266 1198 4326 est

151 4385 274 4468 istius
306 4411 397 4492 quse
425 4383 668 4468 describitur
695 4385 742 4468 in
769 4384 947 4468 Heisteri
970 4380 1198 4486 Chirurgia,

672 4546 701 4617 Q
762 4562 768 4574 ,
