3002 5086
686 503 806 638 rsr

209 712 364 796 exitum
375 709 454 793 sibi
467 737 665 818 perrenae
679 710 860 792 intestini
872 711 1129 812 moliebatur,
1141 713 1254 796 intus

208 873 401 950 retentus,
428 848 569 954 magni
589 848 757 955 alicujus
781 849 878 929 nuli
897 877 1016 929 causa
1035 823 1161 951 fieret,
1187 851 1270 933 in·‘

206 987 355 1106 clineta
382 987 427 1066 in
447 986 597 1066 viscera
626 987 803 1066 materia.
864 987 992 1098 Quod
1021 987 1123 1068 siin
1151 1015 1249 1070 sano

204 1151 373 1230 corpore
392 1122 496 1202 nihil
522 1151 623 1228 opus
643 1145 702 1204 est
728 1151 852 1204 cursu
871 1124 1080 1230 sanguinis
1109 1153 1157 1206 ex
1185 1125 1249 1208 his

203 1263 333 1363 venis,
344 1261 478 1344 nescio
490 1289 543 1342 an
556 1263 600 1340 in
612 1290 719 1367 aegro
735 1265 881 1344 rectius
894 1263 1053 1346 dicatur
1068 1247 1249 1372 signum,

202 1428 333 1506 quam
352 1399 593 1497 remedium,
612 1397 785 1480 adversae
806 1401 1061 1482 valetudinis.

260 1540 312 1616 In
340 1537 547 1618 nonnullis
577 1535 891 1618 haemorrho'ides
921 1565 1006 1618 non
1025 1537 1163 1620 minus
1192 1539 1247 1619 le-

200 1671 325 1754 vibus
362 1673 412 1754 de
447 1673 575 1755 causis
614 1673 854 1779 sanguinem
891 1672 1089 1775 fundunt,
1117 1701 1246 1782 quam

200 1839 315 1892 venae
336 1812 512 1910 narium,
540 1832 580 1890 et
599 1833 690 1922 tuto
709 1810 859 1916 negligi
879 1833 1058 1916 possunt.
1117 1812 1245 1892 Multi

198 1971 301 2030 sunt
319 1949 521 2029 viscerum
544 1947 693 2047 morbi,
723 1949 793 2054 qui
816 1977 912 2028 cum
941 1977 1074 2028 moras
1093 1947 1245 2032 faciant

200 2085 407 2192 sanguini,
426 2113 552 2166 causae
573 2113 654 2166 esse
675 2107 856 2190 possunt,
875 2079 953 2166 cur'
967 2115 1077 2167 venae
1097 2085 1142 2168 in
1160 2087 1245 2168 ima

194 2224 489 2306 intestinorum
506 2245 615 2328 parte
628 2244 829 2327 turgeant,
844 2245 884 2303 et
898 2223 1116 2304 dehiscant.
1165 2225 1245 2306 Ita·

197 2390 283 2470 que
303 2361 355 2440 ad
375 2361 540 2442 morbos
564 2359 709 2476 jecoris
729 2387 830 2466 saepe
849 2359 1045 2442 accedunt
1070 2359 1245 2442 haemor·

197 2497 375 2595 rho'ides,
400 2519 442 2578 et
461 2497 575 2578 brevi
594 2495 764 2602 quidem
784 2496 933 2577 auxilio
953 2519 1073 2596 sunt;
1103 2520 1241 2578 tamen

194 2661 461 2742 nequaquam
477 2634 553 2714 illis
570 2633 722 2714 mederi
735 2635 880 2716 valent.
938 2634 1154 2716 Viscorum
1169 2663 1241 2716 au·

194 2794 284 2852 tem
299 2769 397 2852 vitia
416 2799 516 2875 saepe
536 2793 632 2850 sunt
651 2769 902 2869 insanabilia,
920 2792 960 2852 et
975 2771 1049 2850 ubi
1068 2769 1241 2852 haemor-

192 2909 360 2993 tho'ides
374 2935 423 2988 ex
436 2907 513 2988 illis
529 2930 631 2988 natae
648 2905 752 2988 forte
767 2935 985 3014 suppressae
1001 2906 1095 3006 sint,
1108 2907 1238 2992 exitus

193 3073 342 3126 eorum
354 3045 550 3124 vitiorum
565 3043 806 3126 inevitabilis
821 3043 936 3124 istius
948 3043 1157 3149 sanguinis
1169 3043 1239 3142 de-

192 3183 363 3266 fectioni
381 3183 482 3262 falso
502 3181 708 3262 tribuitur.

250 3319 438 3434 Quidam
452 3341 614 3400 censent
629 3318 943 3400 haemorrho'ides
957 3315 1156 3426 profuisse
1167 3314 1238 3396 ad-

192 3486 333 3540 versus
348 3459 487 3564 capitis
503 3479 542 3538 et
554 3456 767 3537 ventriculi
782 3455 952 3556 dolores,
964 3455 1135 3555 asthma,
1148 3480 1237 3536 ver·

191 3595 379 3701 tiginem,
398 3616 518 3701 atque
540 3595 637 3674 vitia
656 3593 759 3674 cutis
780 3592 823 3672 in
842 3592 967 3674 facie:
997 3615 1154 3674 rectene
1182 3615 1237 3671 an

189 3757 305 3812 secus
326 3729 613 3836 judicaverint,
633 3729 743 3810 haud
771 3729 887 3810 facile
906 3751 965 3810 est
983 3729 1109 3810 dictu.
1167 3725 1235 3806 Ad
1325 3783 1328 3793 ·

191 3895 371 3950 errorem
390 3890 494 3948 certe
514 3867 598 3948 haec
618 3895 677 3948 res
705 3866 891 3973 proclivis
913 3890 982 3946 est.
1044 3863 1171 3976 Quod
1201 3864 1235 3943 si

192 4032 381 4110 unquam
428 4005 630 4104 acciderit,
666 4025 713 4085 ut
751 4001 1065 4085 haemorrhoides
1103 4021 1234 4082 essent

189 4141 323 4240 utiles,
351 4141 428 4222 hoc
444 4163 581 4222 tamen
601 4163 684 4222 tam
707 4167 845 4220 rarum
861 4139 955 4239 fuit,
983 4162 1031 4218 ut
1051 4138 1234 4235 morbus,

189 4275 307 4381 cujus
328 4279 639 4358 incommodum
660 4299 817 4358 certum
836 4300 907 4374 est,
926 4298 964 4356 et
984 4276 1135 4354 incerta
1154 4273 1252 4356 uti-.

189 4411 297 4515 litas,
316 4415 473 4506 nemini
488 4416 539 4506 sit
559 4414 815 4523 expetendus.
873 4415 930 4496 At
948 4414 1138 4494 salutares
1153 4407 1235 4498 sint
