3002 5086
631 473 736 576 als

163 680 303 764 hernia
320 679 520 779 laborant,
547 679 610 762 vel
631 679 710 761 alio
728 676 829 760 vitio
848 701 990 760 earum
1004 675 1196 782 partium,

163 848 211 902 ex
230 847 315 926 quo
334 817 570 902 factumest
588 837 636 896 ut
655 815 827 922 quidam
855 814 929 898 diu
948 813 1122 899 vixerint
1139 843 1207 896 co-

164 955 248 1038 licis
264 954 475 1036 doloribus
492 951 761 1057 subjectiores.
820 952 924 1036 AEtas
941 949 1105 1056 puerilis
1124 979 1210 1037 non

162 1119 328 1200 prorsus
346 1119 484 1174 secura
499 1111 558 1170 est
569 1091 620 1172 ab
632 1089 710 1172 hoc
726 1088 886 1186 morbo,
901 1115 985 1196 quo
1001 1109 1209 1194 septennes

161 1229 325 1336 periisse
343 1228 453 1310 novi.
512 1229 564 1308 Et
578 1224 666 1308 fieri
686 1247 828 1332 potest,
840 1247 888 1308 ut
907 1225 984 1306 hoc
1006 1225 1057 1308 sit
1077 1253 1211 1314 unum

160 1365 310 1449 existis
327 1365 529 1448 viscerum
543 1363 673 1461 malis,
688 1362 840 1468 quibus
856 1383 917 1442 tot
929 1361 1105 1446 infantes
1120 1391 1211 1444 mo«

162 1501 330 1590 riuntnr
350 1525 442 1584 ante
461 1521 657 1612 quartum
677 1499 801 1580 aetatis
825 1525 994 1583 annum.

216 1639 368 1744 Incipit
383 1637 554 1720 adolore
574 1635 618 1720 in
637 1635 774 1742 aliqua
788 1611 901 1742 pnite
920 1634 1211 1722 intestinorum

163 1773 256 1875 sito,
286 1776 361 1882 qui
380 1777 443 1856 vel
462 1795 623 1880 repente
638 1795 677 1854 et
696 1800 858 1854 summa
872 1771 914 1854 vi
933 1793 1064 1878 urget,
1083 1774 1146 1854 vel
1158 1773 1210 1862 ab

162 1911 321 2017 exiguis
351 1939 465 1992 orsus
485 1911 610 1994 initiis
640 1911 789 1992 sensim
809 1909 860 1990 ad
889 1935 1104 1990 summum
1122 1936 1212 2016 per.-

162 2049 285 2134 renit.
346 2050 394 2128 In
424 2073 509 2128 uno
540 2069 579 2128 et
609 2047 732 2128 altero
763 2068 985 2158 postquam
1013 2047 1121 2128 visus
1152 2069 1211 2130 est

162 2185 300 2269 minui
318 2213 389 2292 per
416 2213 564 2292 paucos
584 2185 682 2286 dies,
709 2185 805 2268 dein
828 2211 1009 2268 reversus
1028 2208 1100 2286 est,
1119 2185 1212 2268 nul-

163 2319 210 2402 lis
231 2321 420 2402 remediis
440 2350 634 2406 cessurus.
788 2325 792 2335 ’

216 2457 469 2558 Umbilicus,
497 2481 618 2566 atque
646 2458 829 2558 dorsum,
856 2456 953 2564 ipsis
983 2460 1096 2564 aegris
1126 2460 1212 2546 visa

165 2615 263 2677 sunt
284 2594 394 2677 sedes
407 2595 570 2695 doloris,
589 2595 711 2677 etiam
726 2594 802 2676 illis
823 2595 896 2700 qui
910 2594 1053 2678 hernia
1070 2593 1212 2682 afflicti

166 2751 274 2814 sunt.
347 2731 601 2842 Quanquam
638 2759 734 2812 vero
771 2731 913 2812 hernia
949 2760 1050 2838 saepe
1086 2733 1212 2822 fuerit

166 2889 470 2970 causa,tamen,
488 2891 536 2951 ut
565 2869 758 2974 suspicor,
776 2893 862 2948 non
876 2895 1033 2974 semper
1049 2869 1131 2952 fuit
1148 2872 1212 2953 in·

167 2999 459 3086 flammationis
472 3005 581 3088 sedes
596 3040 607 3104 ;
637 3005 735 3088 etin
751 3003 999 3110 quibusdam
1010 3007 1143 3090 nescio
1159 3035 1212 3092 an
1283 3087 1289 3097 ,

166 3137 285 3220 dolor
313 3140 470 3248 aliquid
502 3143 648 3224 habeat
677 3169 896 3226 commune
929 3169 1027 3226 cum
1056 3141 1211 3244 hernia,

166 3303 314 3358 verum
336 3279 388 3358 ad
413 3279 593 3386 aliquam
614 3307 663 3362 ex
685 3279 733 3360 iis
763 3277 891 3361 causis
915 3268 1082 3364 fortasse
1110 3280 1212 3364 refe-

167 3413 319 3496 rendus
345 3417 409 3516 sit,
436 3418 631 3524 aquibus
664 3417 795 3500 oritur
823 3417 946 3500 etiam
965 3419 1010 3503 in
1031 3419 1109 3504 illis
1136 3422 1211 3530 qui

167 3577 387 3658 nunquam
411 3553 566 3638 fuerint
584 3555 782 3638 ramicosi.
842 3559 1013 3658 Russus,
1041 3559 1115 3667 qui
1132 3560 1210 3642 ileo

167 3713 270 3794 sape
290 3691 454 3793 accedit,
467 3714 507 3774 et
520 3692 655 3794 tussis,
669 3693 852 3780 dolorem
867 3695 1124 3778 vehementer
1144 3725 1211 3780 ex*

168 3849 365 3930 asperent

223 3962 328 4046 Ileus
350 3967 472 4048 semel
490 3989 612 4074 atque
631 3967 782 4052 iterum
807 3968 958 4077 incepit
976 3969 1028 4050 ab
1048 3997 1211 4076 angore,
1264 4023 1265 4028 Ν

169 4115 209 4178 et
226 4099 496 4206 solicitudine,
514 4105 649 4211 potius
666 4133 793 4216 quarn
807 4107 970 4206 dolore;
999 4097 1122 4188 etiani
1135 4108 1211 4195 ubi
1333 4199 1335 4204 ,

169 4255 261 4342 post
288 4259 465 4323 mortem
502 4243 688 4350 apparuit
720 4263 877 4352 partem
904 4243 1084 4348 intestini
1111 4271 1212 4352 gan-
