3002 5086
791 437 891 544 190

307 641 1071 754 fetevaletgambogiaesemiscrupnhss.
1096 645 1353 762 Quanquam

239 785 241 790 ’
301 783 551 890 magnitudo
579 781 701 888 hujus
731 783 868 864 morbi
894 813 1096 892 magnum
1124 791 1351 872 remedium

302 921 495 1025 postulet,
506 919 549 998 id
563 941 701 1000 tamen
716 947 993 1026 saepenumero
1008 923 1105 1030 aegti
1117 925 1221 1006 sires
1234 927 1355 1008 susti·

305 1079 686 1162 nerenoopoasunt:
711 1057 848 1164 inquo
857 1087 952 1140 casu
961 1060 1354 1167 confugiendtunest

305 1195 358 1275 ad
366 1222 513 1300 eaquae
521 1194 651 1274 lessius
660 1195 801 1276 alvum
809 1197 989 1297 solvont,
1000 1219 1354 1305 quanquemsent

305 1331 486 1412 urinam.
527 1331 597 1411 Ad
617 1331 696 1413 hoc
723 1333 836 1416 utilis
858 1356 918 1416 est
943 1335 1061 1416 scilla
1080 1335 1212 1436 radix,
1232 1338 1352 1445 cujus
1473 1413 1479 1426 .

303 1491 367 1552 tot
393 1497 522 1575 grana
536 1469 858 1572 suntondasunt,
884 1491 988 1580 quot
1006 1473 1240 1556 stomachus
1264 1476 1351 1558 sim

301 1633 453 1688 nausea
464 1607 637 1714 recipere
650 1607 768 1688 salet.
811 1611 1008 1692 Aromata
1014 1611 1350 1718 jucundioravei

301 1746 390 1825 olea
402 1771 494 1850 quae
509 1766 708 1824 vocantur
717 1747 952 1846 essentialia,
961 1747 1049 1828 vim
1060 1748 1145 1854 ejus
1155 1749 1349 1840 movnsdi,

302 1883 485 1964 vomitus
498 1881 763 1980 cohibebunt,
781 1867 1033 1991 reddentque
1047 1885 1246 1992 majorem
1259 1913 1349 1966 mo·

299 2021 405 2102 dum
437 2019 531 2101 satis
561 2020 829 2101 tolerabilem.⁴
881 2023 1136 2128 Hujusmodi
1168 2023 1345 2104 medica·

299 2181 492 2240 mentum
504 2157 675 2263 singulis
690 2159 880 2238 noctibus
893 2161 1145 2240 sumendum
1156 2182 1234 2258 est;
1264 2161 1348 2241 sin·-

93 2385 94 2393 Ν
167 2403 171 2418 Ι
299 2297 406 2402 gulis
427 2317 564 2375 autem
577 2295 745 2394 auroris,
757 2295 837 2374 kali
853 2296 994 2378 acetati
1008 2295 1202 2377 draciuna
1216 2295 1344 2378 disso-

298 2436 384 2515 luta
402 2435 446 2513 in
465 2433 587 2513 uncia
605 2433 790 2512 tinctutae
810 2461 968 2533 sennae3
998 2435 1062 2513 vel
1080 2433 1170 2515 salis
1191 2436 1341 2542 Kupel-

298 2571 432 2671 tensis,
450 2591 522 2651 aut
539 2569 619 2649 ltali
638 2569 865 2669 tartarisati,
879 2569 1109 2651 semuncia:
1139 2597 1281 2652 omma
1295 2572 1340 2654 hi

297 2700 417 2808 sales,¹
429 2707 503 2816 qui
515 2729 715 2787 vocantur
729 2707 879 2808 neutri,
893 2729 1100 2814 quantum
1114 2707 1249 2791 adhuc
1263 2735 1344 2790 usu

296 2845 437 2944 didici,
454 2844 618 2926 urinam
637 2843 785 2950 pariter
803 2866 982 2925 movent.

352 2983 456 3072 Fieri
474 3001 618 3089 potest,
639 2973 688 3062 u't
706 2980 891 3061 debilitas
910 2979 1020 3088 aegri,
1037 2981 1103 3094 vei
1121 2981 1238 3062 alvus
1253 2981 1340 3088 ejus

296 3120 441 3220 fusior,
468 3120 607 3200 iocum
635 3117 905 3224 purgantibus
932 3119 1096 3198 nullum
1115 3117 1319 3225 relinquat
1324 3153 1340 3224 3

229 3255 232 3267 '
295 3279 336 3340 et
363 3256 534 3364 proinde
563 3256 614 3336 ab
634 3254 682 3334 iis
711 3253 833 3335 rebus
857 3283 949 3362 qua
978 3276 1146 3336 movent
1173 3253 1340 3336 urinam

295 3413 381 3474 tota
399 3392 557 3474 curatio
569 3391 741 3498 petenda
759 3391 821 3472 sit.
880 3395 1001 3473 Hanc
1021 3392 1191 3499 quidem
1209 3389 1340 3472 facul-

231 3617 237 3642 „
294 3552 422 3614 tatem
437 3557 521 3610 non
537 3529 674 3636 paucis
687 3527 993 3611 medicamentis
1007 3530 1243 3611 tribuerunt
1255 3555 1343 3608 me·

295 3669 377 3749 dici
405 3689 570 3768 veteres,
597 3695 724 3775 eaque
754 3669 921 3774 posteris
950 3668 1035 3748 suis
1064 3667 1142 3748 hoe
1171 3665 1339 3748 nomine

295 3805 647 3887 commendarunt.
707 3803 933 3886 Fatendum
952 3825 1090 3884 autem
1108 3825 1167 3884 est
1186 3801 1339 3882 horum

262 3929 265 3937 ’
292 3944 485 4025 omnium
502 3942 667 4025 effectus
683 3943 783 4023 adeo
802 3943 906 4023 leves
921 3969 1017 4042 esse,
1036 3963 1075 4022 et
1090 3943 1339 4050 incertosut

295 4081 482 4188 quisquis
494 4081 543 4160 iis
556 4082 737 4161 multum
749 4077 941 4176 confidat,
955 4107 1024 4185 spe
1035 4107 1108 4158 sua
1120 4105 1222 4184 saepe
1233 4076 1339 4157 exci-

292 4219 407 4300 derit.
464 4221 516 4298 ln
544 4217 622 4298 hoc
641 4245 814 4298 numero
844 4239 941 4297 sunt
962 4217 1143 4296 balsama
1170 4213 1338 4312 acriora,

293 4383 474 4464 quorum
503 4357 717 4465 seru-pulos
747 4355 811 4438 bis
845 4353 1028 4464 quotidie
1058 4375 1220 4442 sumtus
1247 4373 1338 4452 est;
