3002 5086
793 475 894 580 240

322 683 545 766 ventn'culo
560 687 663 812 male
675 717 715 772 se
734 679 920 795 habente,
935 697 998 776 vel
1013 723 1036 778 a
1054 693 1242 780 remediis
1258 721 1361 784 met·

321 821 551 904 curialibus.
581 826 952 940 Virocuidam‚qui
965 855 1182 942 nunquam
1191 833 1360 946 hydrar-

212 947 218 960 ’
296 1077 299 1082 ¹
320 987 423 1068 gyro
442 989 539 1042 usus
559 962 703 1066 fuerat,
727 963 870 1052 ¹omnes
891 972 985 1072 cibi,
1005 1001 1277 1081 quoscunque
1296 1001 1361 1056 cas

319 1118 443 1202 peret,
457 1099 532 1179 visi
548 1123 643 1183 sunt
660 1104 869 1212 inquinari
886 1135 1024 1216 sapore
1040 1111 1126 1191 aeris
1143 1111 1243 1191 adeo
1258 1141 1359 1192 nau-

320 1261 445 1334 seos0,
472 1257 521 1316 ut
539 1239 678 1320 omnia
706 1242 916 1345 fastidiret,
944 1267 984 1327 et
1007 1273 1151 1354 corpus
1172 1250 1360 1354 viresque

319 1372 530 1454 amitteret.
590 1379 834 1462 Remedium
853 1407 901 1463 ex
921 1405 1115 1466 testarum
1131 1405 1358 1467 ostreorum

318 1507 624 1614 semidrachma,
639 1515 781 1597 radicis
797 1519 1000 1624 gentianae
1013 1521 1149 1634 granis
1166 1543 1359 1628 quatuor,

317 1648 493 1753 pulveris
530 1651 634 1732 alniis
669 1677 770 1734 cum
815 1659 964 1741 canella
1000 1687 1129 1765 grano
1169 1659 1356 1760 dimidio,

234 1887 238 1902 .
316 1810 437 1866 mane
465 1809 505 1868 et
522 1809 682 1894 vespere
702 1815 900 1895 sumtum,
925 1795 1040 1876 brevi
1066 1796 1242 1878 restituit
1260 1825 1356 1904 gus-

318 1941 411 2004 tum
429 1946 468 2004 et
487 1925 750 2032 cupiditatem
764 1929 846 2012 cibi
865 1931 1101 2014 naturalem.
1153 2025 1156 2030 ¹

643 2151 1014 2180 w

737 2305 843 2388 Cae.
868 2307 935 2391 57.

382 2461 451 2544 De
470 2461 737 2574 Lipolltpmio,
757 2468 834 2548 sive
855 2467 1095 2579 Defectione
1115 2468 1282 2550 Anime.

323 2637 325 2644 ‘
369 2620 603 2707 Dasscno
629 2625 773 2712 animae
793 2649 852 2708 est
880 2654 989 2708 mors
1009 2625 1141 2708 brevis
1151 2660 1163 2725 3
1193 2649 1234 2708 et
1252 2655 1352 2735 saepe

189 2825 190 2828 a
291 2869 292 2874 Ν
316 2759 466 2839 accedit
480 2761 688 2862 lumbricis
704 2764 749 2842 in
764 2763 908 2869 puerili
923 2785 1049 2864 aetate,
1077 2785 1116 2844 et
1135 2764 1237 2878 tussi
1256 2791 1352 2844 con·

315 2896 479 2977 vulsivae
492 2897 536 2977 in
548 2899 705 2980 adultis.
744 2897 887 2982 Eidem
899 2900 1118 3007 opportuni
1130 2921 1227 2980 sunt
1237 2926 1351 3009 para-

313 3033 441 3144 lytici,
468 3059 508 3116 et
526 3037 735 3143 epileptici,
764 3035 1122 3146 hypochondriaci,
1150 3055 1190 3116 et
1213 3035 1350 3120 -hvste-

313 3173 418 3274 ticae‚
437 3195 558 3280 atque
577 3196 837 3280 praegnantes.
896 3173 1038 3254 Febres
1058 3171 1270 3252 interdum
1297 3171 1347 3252 ab

311 3307 387 3390 hac
406 3311 617 3416 incipiunt.
676 3313 868 3392 Foeminae
887 3331 1023 3392 autem
1045 3309 1082 3389 ei
1101 3309 1234 3388 multo
1254 3307 1348 3390 sub-

305 3447 490 3556 jectiores
517 3473 625 3548 sunt,
653 3477 780 3557 quam
799 3448 887 3530 viri.
944 3447 1174 3540 Nonnullos
1202 3473 1253 3527 ex
1271 3446 1346 3544 im-

311 3585 473 3697 proviso
501 3586 681 3686 invadit,
710 3589 754 3667 in
779 3585 863 3668 aliis
894 3584 1160 3667 accessionem
1181 3605 1346 3666 antece·

310 3723 417 3808 dunt
433 3725 602 3824 dolores,
622 3725 913 3832 palpitationes,
928 3748 1064 3804 sensus
1082 3719 1343 3828 plenitudinis

96 3843 101 3856 ⁶
189 3857 193 3864 ’
310 3862 343 3966 a]
371 3863 594 3944 ventticulo
632 3863 684 3942 ad
721 3883 843 3969 caput
879 3860 1107 3957 ascendens,
1145 3855 1345 3962 caligines,

182 4013 195 4078 ,“
310 4001 548 4102 scintillulae,
576 4023 647 4082 aut
674 3997 895 4081 flammulae
930 3998 983 4078 ob
1017 3997 1168 4094 oculos,
1196 3993 1343 4074 disten·

307 4141 436 4223 tiones
474 4163 514 4222 et
545 4139 701 4221 dolores
730 4139 944 4236 viscerum,
982 4133 1151 4239 vertigo,
1179 4131 1340 4214 sudores

307 4279 441 4386 gelidi,
460 4301 666 4377 tremores,
684 4267 854 4376 inflatio,
871 4297 911 4355 et
930 4295 1069 4378 ructus
1088 4269 1231 4352 crebri.

366 4418 455 4532 Qui
474 4416 629 4500 diutius
648 4413 819 4524 pedibus
833 4413 1041 4513 insistunt,
1060 4407 1236 4490 maxime
1251 4419 1338 4514 post
