2990 5078
286 661 384 746 aiios
422 659 605 772 ejusdem
631 662 756 771 partis
779 664 956 746 doloret.
1015 659 1125 744 Mihi
1150 661 1329 772 profecto

286 799 536 882 hemicrania
563 831 587 883 a
616 803 738 894 latere
769 801 946 902 sinistro,
974 801 1117 908 sepius
1152 827 1281 910 quom
1307 826 1331 883 a

285 938 442 1040 dextro,
468 940 555 1020 vion
582 961 665 1040 est;
695 939 778 1021 cive
797 939 842 1019 id
867 965 963 1020 catu
984 937 1188 1042 occiderit,
1214 941 1331 1048 quod

161 1053 165 1070 ⁸
285 1075 421 1182 potius
455 1077 588 1178 medo,
616 1103 688 1158 seu
724 1072 809 1183 lege
842 1076 1024 1186 quadam
1051 1099 1221 1160 natura.
1280 1079 1330 1160 In

286 1213 428 1295 multis
438 1213 554 1321 tegrin
566 1214 741 1296 subinde
754 1215 885 1296 redite
896 1214 1106 1295 consuevit
1118 1239 1190 1321 per
1199 1235 1331 1298 totem

287 1351 434 1452 ritam;
463 1373 503 1433 et
521 1351 669 1434 morbo
687 1352 891 1436 attitulari
916 1353 1224 1460 superveniente
1241 1375 1329 1436 non

286 1487 415 1586 levata
428 1489 502 1570 est:
532 1509 634 1596 sepe
649 1513 816 1598 quoque
827 1512 964 1572 eecuta
975 1511 1037 1572 est
1047 1489 1175 1572 istum
1187 1491 1329 1572 oculo·

286 1651 382 1708 rum
402 1622 669 1728 affectum,·in
684 1652 768 1735 quo
783 1627 1008 1728 dimidium
1023 1653 1163 1709 rerum
1176 1628 1328 1711 interit.

286 1763 414 1845 Dolor
451 1765 553 1846 aliur
586 1765 727 1872 capitis
757 1764 967 1846 interdum
1000 1765 1174 1846 sentitur
1207 1791 1331 1872 supro

286 1903 436 1982 laevum
462 1899 644 2004 oculum5
670 1923 711 1984 et
736 1903 876 1984 multo
906 1901 1039 1984 adhuc
1070 1902 1209 1984 minuo
1241 1929 1331 2012 spa·

286 2039 393 2120 tium
412 2061 595 2147 occupat,
622 2060 768 2148 nempe
787 2037 839 2122 ad
865 2040 1194 2147 magnitudinem
1213 2038 1331 2148 polli-

286 2175 342 2258 cis
362 2175 498 2257 unius.
538 2175 679 2258 'Diem
705 2196 841 2258 unum
859 2199 899 2258 et
922 2179 1095 2260 alterum
1114 2177 1180 2259 hic
1199 2201 1330 2286 pette-

263 2379 265 2386 .
286 2313 452 2414 vetavit,
470 2336 510 2395 et
528 2314 591 2394 bic
611 2336 719 2396 terve
735 2315 904 2421 singulis
920 2315 1129 2396 mensibus
1145 2343 1327 2398 reversus

285 2473 355 2533 eet.
384 2452 576 2532 Foeminae
585 2451 776 2535 videntur
784 2453 1092 2561 opportuniores
1100 2453 1197 2534 huic
1206 2454 1328 2554 mulo,

287 2613 414 2695 quam
432 2588 525 2690 viri,
547 2611 638 2669 tum
665 2589 841 2670 maxime
860 2587 937 2670 illae
968 2615 1060 2698 quae
1077 2587 1226 2671 effectu
1250 2589 1330 2699 hy·

287 2727 428 2809 storico
461 2748 680 2808 tentantur.
738 2728 907 2808 Dolores
931 2727 1008 2808 ¹alii
1043 2726 1233 2834 sinciput,
1260 2723 1328 2807 alii

286 2864 448 2971 occiput
466 2887 679 2971 occupant,
700 2848 774 2946 'alii
794 2889 961 2972 quoque
980 2866 1025 2946 in
1039 2864 1126 2944 aliis
1146 2863 1243 2946 locis
1255 2859 1326 2944 fixi

286 3025 402 3101 eunt3
431 3025 535 3110 quos
550 3025 691 3084 omnes
711 3001 864 3084 solicite
884 3001 1179 3084 numerarevix
1197 3027 1326 3108 operae

285 3139 462 3244 pretium
474 3138 591 3238 foret,
606 3137 685 3220 nisi
699 3137 794 3218 inde
806 3139 991 3220 certiores
1007 3135 1209 3238 fieremus,
1224 3134 1327 3245 qnid

168 3297 174 3304 ’
285 3276 451 3356 morbos
470 3275 545 3356 hos
559 3273 694 3373 faciat,
712 3273 784 3356 aut
798 3275 900 3382 quid
920 3275 1064 3368 tollat..
1101 3273 1326 3356 Taceo'do-

285 3413 386 3492 iores
407 3412 545 3518 capitis
565 3413 781 3514 Venerem,
810 3414 883 3520 qui
903 3413 1027 3520 signio
1054 3412 1170 3492 istius
1189 3405 1326 3493 morbi

284 3547 457 3652 propriis
476 3549 778 3649 discernuntur,
795 3572 835 3630 et
853 3549 1024 3657 propriis
1038 3549 1126 3656 ejus
1136 3548 1325 3630 remediis

285 3708 490 3766 sanantur.

335 3823 541 3934 'Nonnulli
559 3822 698 3929 capitis
717 3819 876 3906 dolores
897 3803 1009 3923 vere,¹
1029 3822 1092 3903 vel
1111 3843 1326 3923 autumno,

284 3959 487 4040 ueletiam
510 3981 746 4066 tempestate
763 3983 939 4066 utraque
964 3955 1146 4046 redeunt.
1205 3955 1337 4040 Pauci·

283 4119 433 4196 aeotate,
448 4099 580 4202 plures
600 4097 734 4185 hieme
749 4095 908 4180 molesti
919 4119 1017 4178 eunt
1027 4132 1038 4196 3
1069 4095 1241 4204 quidam
1259 4117 1326 4178 ex-

279 4234 467 4341 perrectis
481 4259 638 4316 somno.
687 4235 871 4342 Plerique
883 4262 979 4316 vero
992 4256 1155 4341 prorsus
1169 4233 1325 4316 inordi-

280 4372 370 4456 nati
401 4394 513 4474 eunt,
550 4374 664 4455 nulla
693 4349 800 4458 certo
831 4375 1015 4481 tempore
1052 4372 1326 4456 observanter.

452 4535 469 4598 t
