3002 5086
772 500 875 593 208

354 703 722 819 Quemadmodum
740 705 917 814 suspicio
935 731 1017 786 esse
1045 728 1177 814 potest
1195 697 1349 791 calculi·

295 844 413 943 fellis,
426 843 512 923 sine
522 842 614 922 ullis
626 841 711 948 ejus
727 843 851 948 signis
866 842 912 924 in
926 864 1030 944 cute,
1044 865 1115 926 aut
1125 845 1171 925 in
1185 829 1310 927 oculis
1324 880 1339 948 ς

298 981 354 1061 sic
372 978 552 1060 vicissim
570 979 680 1059 color
698 977 907 1061 interdum
925 981 1059 1060 luteus
1088 1009 1170 1062 esse
1188 981 1342 1065 dicitur

298 1117 384 1198 sine
409 1116 588 1197 calculo:
615 1105 816 1196 nimirum
844 1117 942 1224 quia
970 1117 1211 1199 duodenum
1239 1118 1344 1200 adeo

296 1253 519 1337 infarctum
540 1275 612 1352 est,
640 1274 688 1333 ut
706 1253 863 1334 exitum
885 1253 959 1334 bili
978 1277 1122 1362 neget3
1149 1257 1215 1336 rel
1244 1257 1345 1365 quia

296 1389 543 1498 impeditum
554 1411 612 1470 est
626 1391 793 1496 spasmis
808 1391 1029 1498 hystericis.
1090 1393 1232 1505 Quam
1246 1421 1346 1476 vere

295 1527 381 1608 haec
401 1527 601 1627 dicantur,
620 1525 796 1608 viderint
810 1528 888 1608 alii.
948 1529 1117 1610 Plurimi
1135 1551 1240 1612 certe
1256 1559 1345 1611 ms-

298 1664 394 1766 dici,
421 1686 537 1747 testes
557 1663 718 1763 oculati,
745 1662 1005 1746 consentiunt
1023 1664 1182 1748 febrem
1210 1695 1344 1776 quan-

297 1791 474 1886 damin
501 1803 618 1882 India
647 1793 884 1884 occidentali
918 1831 1043 1910 aegros
1077 1805 1240 1886 icterico
1273 1835 1342 1888 co·

297 1943 381 2022 lore
400 1939 586 2038 inficere;
617 1939 826 2046 quod'alii
852 1967 1022 2048 quoque
1050 1940 1100 2022 de
1118 1969 1262 2024 morsu
1282 1944 1344 2023 vi·

184 2175 187 2184 ,
259 2121 263 2130 ·
298 2105 402 2184 perae
423 2075 640 2156 affirmant.

353 2213 579 2312 Lucretius,
591 2235 796 2320 quantum
804 2213 915 2314 novi,
926 2213 1083 2320 primus
1095 2212 1199 2294 dixit
1207 2215 1343 2297 lurida

298 2349 388 2432 fieri
402 2361 658 2457 quacunque
673 2373 839 2432 tuentur
851 2348 1059 2458 arquati*;
1088 2351 1341 2462 quodetiam
1395 2331 1399 2344 ¹

199 2507 202 2514 '
298 2489 492 2570 omnibus
507 2487 550 2569 in
565 2515 633 2567 ore
647 2509 717 2568 est.
775 2489 947 2587 Tamen,
965 2515 1069 2594 quos
1082 2487 1167 2568 vidi
1182 2488 1268 2595 ipse
1280 2518 1342 2570 ar·

299 2648 458 2732 quatos,
485 2653 571 2705 uno
608 2651 807 2705 consensu
844 2625 922 2716 hoc
956 2645 1170 2729 negarunt,
1197 2649 1342 2732 praeter

299 2763 401 2842 duas
426 2760 632 2861 foeminas,
647 2787 827 2866 quarum
841 2761 1125 2843 testimonium
1140 2763 1274 2843 multa
1287 2762 1342 2843 la
1366 2859 1369 2868 Ι

300 2899 462 2978 rabant.
1208 3003 1214 3014 .

356 3033 537 3141 Tempus
556 3035 670 3116 icteri
688 3019 748 3116 est
768 3034 995 3116 admodum
1019 3033 1234 3117 incertum.
1294 3037 1345 3116 In

300 3171 550 3280 quibusdam
562 3171 701 3253 finitus
714 3193 773 3253 est
786 3170 1168 3288 intrapaucosdies3
1196 3172 1341 3254 inaliis

298 3311 472 3426 perstitit
482 3337 652 3390 annum.
710 3311 864 3390 Interea
876 3330 963 3390 tam
974 3283 1146 3414 longum
1157 3307 1251 3390 bilis
1264 3311 1343 3391 im-

299 3445 582 3554 pedimentum
597 3445 871 3526 valetudinem
883 3445 1125 3554 neutiquam
1139 3446 1240 3528 adeo
1255 3475 1345 3564 cor-

299 3607 476 3690 ruperat,
491 3584 595 3690 quin
606 3583 792 3690 protinus
808 3604 856 3664 ut
870 3585 1016 3664 icterus
1029 3583 1264 3683 recessisset,
1278 3585 1342 3664 in-

113 3709 116 3717 ’
172 3742 176 3750 “
300 3742 413 3830 ¹tegra
444 3721 590 3801 sanitas
611 3720 772 3802 rediret'
827 3721 1012 3827 Cognovi
1031 3721 1235 3840 quosdam
1264 3719 1343 3802 hoc

211 3961 216 3977 ἡ
298 3857 447 3940 morbo
459 3887 560 3965 saepe
575 3871 789 3964 occupatos
802 3857 940 3940 esseio
953 3885 1079 3938 annos
1092 3857 1254 3964 viginti,
1268 3859 1344 3966 qui

298 4017 436 4078 tamen
455 3996 560 4076 inter
579 3995 818 4076 accessiones
839 4017 943 4078 recte
961 3995 1160 4076 valebant.
1311 3991 1313 3994 ’

325 4161 329 4170 ·
354 4131 508 4216 Calculi
536 4131 661 4214 modo
681 4153 801 4214 tantae
831 4129 1129 4242 magnitudinis
1155 4151 1266 4232 sunt,
1292 4149 1363 4212 ut·

661 4390 780 4502 '‘Lib.
796 4417 992 4502 mussa.¹
1073 4447 1076 4452 ·
