3050 5084
706 401 870 534 ‚soa
979 407 981 414 ‘

290 614 455 714 nirent;
483 612 570 696 aliis
600 639 767 722 quoque
795 613 1021 696 identidem
1048 612 1241 694 molestus
1261 610 1338 722 fuit

292 752 461 858 m'ginta
480 778 622 851 annos,
651 751 724 860 qui
746 751 895 834 caeteris
915 753 960 832 in
975 749 1095 831 rebus
1116 749 1210 830 satis
1232 775 1339 832 com·

295 888 419 972 moda
438 887 668 972 valetudine
683 889 943 972 fruebantur.

727 1282 834 1363 Cae.
864 1287 930 1366 99.

682 1443 751 1526 De
773 1445 809 1524 V
807 1443 968 1525 ontitn*.

357 1611 603 1692 FAcuuTAs
636 1607 831 1688 vomendi
860 1607 1087 1688 admodum
1115 1607 1270 1688 diversa
1292 1627 1349 1688 est

302 1733 348 1830 in
363 1743 530 1828 diversis
546 1745 798 1828 hominibus.
841 1745 890 1823 In
910 1745 1160 1852 quibusdam
1176 1745 1348 1826 vomitus

303 1887 419 1968 nullo
440 1883 566 1964 modo
585 1882 749 1963 excitari
782 1903 913 1987 potest
931 1915 942 1982 ς
981 1883 1025 1961 in
1058 1882 1153 1992 aliis]
1169 1905 1352 1967 movetur

305 2049 425 2129 aegre,
436 2043 475 2102 et
487 2045 573 2100 non
588 2018 673 2100 sine
686 2033 837 2124 magno
853 2018 1010 2120 dolore;
1023 2019 1125 2100 dum
1138 2021 1203 2101 alii
1220 2047 1353 2127 prom-

310 2159 459 2242 tissimi
479 2173 576 2238 sunt
595 2155 647 2238 ad
666 2155 919 2236 vomendum
939 2157 1140 2237 levissima
1158 2158 1208 2238 de
1226 2185 1354 2255 causa,

307 2279 350 2380 et
386 2323 496 2378 cum·
527 2294 701 2374 minima
748 2293 1016 2376 contentione.
1088 2297 1235 2375 Unum
1273 2293 1355 2374 vidi

309 2433 356 2514 in
394 2459 479 2540 quo
517 2429 740 2512 ruminatio
779 2431 969 2538 quaedam
1007 2431 1178 2548 contigit
1216 2431 1354 2511 similis

310 2571 433 2671 illius,
453 2597 544 2678 quae
560 2565 608 2649 fit
634 2567 678 2648 in
698 2568 936 2674 pecoribus3
965 2591 1005 2650 et
1024 2570 1138 2650 cibus
1158 2569 1357 2676 siquando

312 2709 438 2790 nimis
459 2707 534 2788 diu
553 2706 597 2785 in
617 2704 826 2789 stomacho
851 2729 1030 2788 maneret
1049 2707 1289 2814 priusquam
1316 2707 1361 2786 in

313 2873 359 2928 os
393 2841 634 2942 ascenderet,
680 2843 832 2924 solebat
869 2870 1057 2944 acescere,
1085 2867 1125 2925 et
1169 2871 1360 2925 nauseam

312 2981 457 3082 facere,
478 3001 518 3061 et
537 2978 706 3061 tandem
725 2979 978 3061 vomebatur.

325 3165 331 3178 ·
371 3118 566 3200 Vomitus
586 3115 749 3198 videtur
767 3115 867 3198 adeo
885 3139 1039 3198 naturae
1060 3091 1274 3220 adversari,
1302 3140 1361 3219 ut,

318 3255 399 3340 nisi
427 3255 570 3336 crebro
601 3279 682 3332 usu
711 3253 843 3334 edocti
861 3235 1051 3354 essemus,
1079 3255 1148 3334 vix
1176 3257 1364 3336 credibile

319 3414 421 3476 esset
440 3417 536 3471 eum
555 3383 726 3496 impune
746 3389 902 3470 moveri
921 3419 1034 3496 posse
1054 3391 1117 3472 bis
1136 3413 1244 3472 terve
1265 3420 1366 3499 quo-

321 3527 421 3612 tidie
435 3553 506 3634 per
521 3525 671 3610 multos
685 3551 826 3627 annos,
846 3525 958 3634 quod
969 3526 1124 3608 factum
1140 3529 1248 3609 novi.
1279 3531 1367 3608 Foe-

320 3664 437 3746 mina
455 3663 644 3770 quaedam
662 3662 815 3763 omnia,
843 3691 934 3770 quae
966 3687 1177 3764 sumserat,
1205 3691 1366 3744 vomere

323 3799 538 3897 ¹videbatur
566 3825 637 3904 per
655 3797 823 3904 triginta
850 3828 988 3880 annos.
1049 3801 1289 3914 Quinetiam
1306 3801 1368 3879 in-

229 3931 233 3938 ’
325 3936 503 4036 terdum,
522 3963 763 4042 quanquam
781 3937 914 4018 omnis
935 3937 1049 4018 cibus
1070 3939 1182 4020 vomi
1201 3965 1370 4045 apparu-

327 4073 417 4176 erit,
440 4073 568 4154 homo
600 4093 737 4154 tamen
760 4075 974 4156 commode
994 4077 1134 4176 valuit,
1161 4075 1370 4158 autetiam

498 4333 517 4372 ⁴
531 4327 607 4394 vide
620 4351 683 4412 que
696 4334 731 4396 de
742 4333 859 4396 stanna
872 4355 960 4417 supra
972 4349 1115 4417 precepta
1128 4349 1203 4396 sunt

1124 4467 1152 4546 4
