3002 5086
628 461 724 554 155

151 669 343 778 equidem
362 665 718 748 'medicamentum
747 666 789 748 in
820 667 960 748 multis
992 669 1111 773 aegris
1138 697 1204 748 ex-

151 827 288 914 pertus
302 831 416 902 sum3
432 825 570 884 tamen
581 802 641 882 vis
654 801 870 895 antimonii
885 803 1090 909 febrifuga
1102 805 1205 886 mihi

152 971 304 1052 parum
324 964 530 1048 comperta
544 913 613 1020 est.
1144 917 1145 922 Ν

101 1162 104 1166 ,
207 1081 414 1164 Corticem
441 1078 714 1159 Peruvianum
733 1077 841 1188 dare,
869 1079 949 1160 nisi
968 1081 1131 1162 absente
1148 1081 1208 1161 fe-

151 1221 242 1319 bre,
271 1197 419 1300 m'edici
439 1216 513 1296 diu
534 1237 793 1316 metuerunt3
814 1217 884 1296 sed
902 1239 942 1299 et
960 1241 1130 1324 urgente
1148 1216 1207 1298 fe-

151 1356 231 1438 bre
270 1353 508 1436 recentiores
539 1352 760 1460 saepissime
787 1353 907 1432 illum
935 1354 1135 1434 dederunt
1161 1354 1207 1434 iu

152 1517 391 1600 gangraena,
421 1512 542 1596 atque
562 1488 614 1568 ad
632 1489 967 1594 suppurationem
986 1491 1207 1596 benignam

91 1676 98 1688 ι
151 1625 488 1736 promovendam.
547 1625 670 1706 Unde
690 1625 914 1708 didicimus
935 1626 1207 1732 suspicionem

115 1823 123 1834 ·
155 1765 328 1872 periculi
356 1793 380 1844 a
407 1764 567 1863 sortice,
594 1763 717 1844 etiam
745 1763 823 1841 sub
852 1762 939 1868 ipsa
962 1762 1074 1843 febre
1093 1764 1208 1844 adhi-

155 1901 262 2001 bito,
290 1927 377 1980 non
403 1900 543 1980 minus
573 1925 722 1978 vanam
748 1897 885 1997 fuisse,
905 1926 1032 2004 quam
1059 1901 1207 1982 multas

153 2040 251 2118 alias
263 2037 532 2144 suspiciones,
552 2065 651 2144 quas
672 2035 842 2142 majores
863 2035 991 2116 nostri
1010 2035 1060 2118 de
1077 2037 1208 2118 utilis-

155 2177 266 2256 simo
295 2173 373 2256 hoc
401 2174 580 2254 remedio
610 2195 853 2278 sparserunt.
912 2172 1053 2279 Itaque
1082 2174 1209 2280 copia,

158 2339 254 2418 quae
281 2311 398 2390 annis
418 2311 567 2392 abhinc
587 2331 753 2390 centum
771 2309 816 2390 in
834 2309 1027 2414 Angliam
1046 2310 1211 2393 advecta

155 2469 231 2547 est,
250 2447 379 2527 decies
399 2447 550 2546 minor,
569 2474 696 2554 quam
712 2475 803 2552 quae
819 2473 944 2544 nunc,
964 2467 1058 2526 erat.
1109 2448 1209 2558 Quo

160 2607 303 2668 autem
323 2583 452 2689 magis
473 2611 569 2664 eum
589 2584 870 2689 cognovimus,
888 2611 935 2662 eo
950 2583 1087 2662 minus
1108 2585 1211 2690 peri-

159 2723 260 2821 culi,
279 2722 369 2827 plus
385 2749 480 2802 vero
493 2719 631 2801 auxilii
646 2719 786 2806 afferre
798 2719 1011 2800 credimus.
1050 2721 1211 2832 Quam·
1314 2750 1320 2764 ‘

143 2859 308 2938 ¹obrem
337 2859 444 2938 intra
472 2858 545 2938 hos
575 2886 723 2963 paucos
753 2883 879 2936 annos
909 2885 1015 2964 saepe
1035 2881 1210 2974 tentatus

161 2995 275 3077 estin
289 2994 472 3076 febribus
484 3023 650 3102 quoque
665 2995 885 3092 continuis;
905 2995 957 3073 ad
969 3023 1069 3100 quas
1083 3025 1213 3102 quan-

161 3157 258 3213 tum
277 3131 476 3237 profuerit
490 3133 666 3212 incertus
683 3159 775 3212 sum
790 3167 801 3229 ς
830 3130 1123 3212 detrimentum
1141 3161 1213 3216 au·
1269 3191 1272 3198 ·

165 3293 251 3349 tem
262 3269 358 3350 inde
373 3269 602 3376 provenisse
613 3269 777 3349 nullum
791 3295 978 3374 unquam
991 3268 1212 3374 suspicatus

165 3403 242 3504 fui,
271 3433 322 3485 ne
352 3405 521 3513 quidem
550 3433 646 3488 cum
674 3404 867 3486 drachma
895 3427 1072 3488 assumta
1091 3388 1214 3489 fuerit

169 3565 314 3648 quarta
332 3572 496 3650 quaque
514 3545 626 3625 hora.

153 3723 161 3734 ·
224 3679 273 3758 In
288 3681 404 3760 omni
418 3680 530 3762 febre
546 3679 773 3786 plurimum
792 3679 971 3780 interest,
998 3703 1046 3762 ut
1065 3689 1131 3764 a'e'r
1146 3710 1216 3764 cu-

120 3817 124 3826 ’
169 3813 291 3896 biculi
323 3817 377 3898 sit
404 3817 657 3924 purissimus.
716 3819 824 3897 Nam
852 3845 994 3898 auram
1013 3819 1217 3900 salubrem

169 3951 393 4034 hauriendo
413 3955 590 4036 maxime
609 3975 839 4036 recreantur
854 3955 1001 4054 animi;
1020 3977 1060 4036 et
1079 3981 1218 4036 vereor

170 4089 403 4196 nequidem
418 4121 450 4172 ‘er
454 4092 562 4197 groti
574 4119 658 4172 non
671 4113 756 4170 tam
770 4091 916 4172 morbo
929 4120 1003 4172 suo
1015 4090 1219 4198 perierint,

129 4259 139 4277 ⁸
168 4251 297 4332 quam
324 4227 519 4310 halitibus
549 4229 753 4336 putribus,
782 4255 885 4336 quos
913 4227 1062 4310 discuti
1090 4227 1220 4310 vetuit

172 4385 417 4472 praepostera
434 4368 665 4450 amicorum
683 4391 790 4449 cura.
