3002 5086
532 535 536 548 '
616 529 712 646 165

139 776 315 867 surgunt
325 757 370 838 in
385 755 569 858 artubus,
587 751 651 838 vel
662 755 820 865 reliquo
834 777 1016 866 corpore,
1030 773 1180 868 atpiu-

137 923 203 978 cas
222 897 342 978 horas
361 915 541 995 manent,
560 883 646 976 sine
663 895 748 976 ullo
767 895 831 977 val
848 887 999 1000 dolore,
1021 887 1085 979 rei
1103 899 1180 980 du·
1315 989 1322 1004 ι

138 1029 243 1133 titie,
263 1025 326 1114 vel
344 1031 488 1114 coloris
509 1031 745 1112 mutatione.

193 1161 451 1276 Hujusmodi
474 1167 598 1250 febris
617 1168 705 1249 illos
735 1159 944 1250 interdum
962 1189 1123 1278 repente
1142 1189 1183 1252 et

136 1306 315 1413 graviter
333 1327 515 1413 occupat,
543 1327 724 1413 quorum
743 1280 932 1388 valetudo
950 1327 1066 1387 antea
1085 1308 1177 1390 satis

136 1440 273 1524 fuerat
300 1443 542 1542 commoda,
571 1461 770 1550 urgetque
798 1443 964 1550 perinde
993 1459 1038 1522 aa
1061 1442 1180 1524 relte-¹

136 1607 257 1679 mens
274 1579 399 1662 febris
418 1603 506 1661 orta
524 1606 573 1660 ax
595 1571 941 1680 inflammatione,
970 1580 1180 1688 vitamque

136 1719 242 1824 agit
255 1718 300 1797 ln
318 1719 600 1826 propinquum
618 1717 836 1798 discrimen
864 1717 979 1797 brevi
998 1717 1175 1800 adducit.

136 1855 360 1962 Interiectis
372 1855 517 1936 deinde
532 1855 669 1962 paucis
683 1855 825 1935 diebus
841 1854 1024 1956 remittit,
1037 1876 1077 1936 et
1091 1871 1178 1962 spot

137 1993 329 2074 reditura
349 1993 526 2074 sanitatis
539 1991 714 2098 affulget.
775 1993 1029 2104 Quanquam
1042 2005 1180 2074 autern

137 2133 345 2211 tumultus
374 2131 665 2238 conquieverit,
692 2145 732 2210 et
756 2127 880 2210 febris
911 2128 1023 2210 haud
1050 2115 1181 2212 muita
1233 2111 1238 2118 ¹

138 2267 390 2366 remanserit,
418 2267 555 2348 morbi
573 2287 710 2347 tamen
725 2265 918 2372 reliquia,
936 2267 1050 2372 gravi
1068 2267 1180 2347 intus

137 2403 382 2486 subsistente
400 2405 522 2504 malo,
540 2405 652 2483 nulla
670 2423 753 2484 arte
768 2379 1052 2512 expugnabiles
1072 2421 1182 2505 sunt,

137 2539 269 2622 donec
281 2542 478 2648 paulatim
488 2539 762 2622 valetudinem
772 2556 1047 2646 corrumpant,
1059 2561 1182 2648 atque

138 2677 389 2760 interimant.
445 2679 605 2758 Verum
616 2676 745 2757 rarius
760 2674 820 2776 fit,
839 2691 887 2756 ut
897 2665 949 2757 ad
968 2677 1079 2759 hunc
1092 2705 1181 2758 mo-

139 2815 247 2896 dum
261 2815 431 2896 morbus
447 2813 635 2921 incipiat:
665 2813 797 2893 multo
810 2813 957 2920 saepius
974 2814 1076 2895 vires
1090 2842 1180 2899 suas

138 2951 262 3034 initio
279 2952 521 3052 dissimulat,
539 2967 661 3057 atque
680 2951 778 3030 adeo
793 2949 905 3030 tarde
921 2951 1115 3057 subrepit,
1134 2975 1182 3035 ut

141 3101 251 3196 qnos
269 3087 482 3195 arripuerit
501 3088 676 3169 sentiant
705 3087 874 3194 quidem
894 3113 934 3170 se
962 3085 1074 3167 haud
1093 3115 1183 3168 oms

141 3225 250 3306 nino·
264 3245 369 3306 tecte
388 3227 532 3325 valere,
549 3241 686 3306 tamen
699 3223 751 3304 ad
765 3245 921 3303 menses
939 3221 1096 3330 aliquot
1114 3225 1183 3306 rix

143 3363 401 3469 suspicentur
418 3384 584 3469 gravem
602 3349 800 3442 morbum
818 3360 1003 3460 subesse3
1023 3381 1063 3442 et
1081 3361 1185 3444 nihil

141 3498 229 3580 fere
243 3519 466 3606 querantur
481 3517 622 3606 praeter
635 3497 915 3580 lassitudinem
934 3497 1128 3605 aliquam,
1146 3522 1186 3582 et

142 3637 228 3718 albi
246 3635 511 3743 cupiditatem
525 3635 793 3737 deficientem,
804 3634 990 3744 viresque
1002 3635 1187 3744 aliquan-

144 3793 238 3856 tum
252 3773 442 3866 minutas.
476 3765 582 3888 Qua
596 3771 959 3881 quanquamhaud
972 3773 1187 3880 magniin-

145 3929 290 3994 teresse·
307 3911 537 4012 videantur,-
553 3929 690 3994 tamen
707 3911 782 3991 ubi
797 3927 933 3994 motus
949 3909 1189 3992 arteriarum

147 4049 271 4130 simul
282 4047 334 4129 eit
345 4047 518 4128 dimidio
533 4035 697 4130 celerior
711 4046 842 4148 solito,
860 4047 1041 4128 medicus
1057 4046 1187 4128 solici-

147 4203 213 4268 tus
232 4210 316 4267 esse
330 4177 450 4268 debet
463 4185 515 4268 de
532 4184 644 4268 exim
656 4185 937 4292 aegrotationis.
996 4183 1115 4263 Pauci
1130 4205 1187 4264 et-

148 4323 260 4404 enim
277 4321 415 4405 morbi
429 4323 584 4407 suntin
604 4323 756 4432 quibus
771 4324 888 4430 plura
902 4339 976 4402 nos
995 4319 1116 4402 docet
1127 4345 1189 4401 ar-

149 4461 345 4546 arrarum
368 4475 520 4545 motus.
576 4462 737 4544 Tamen
754 4460 800 4542 in
828 4458 907 4541 hoo
927 4484 1093 4567 quoque
1113 4459 1188 4568 qui
