3148 5082
757 469 861 562 3⁶22

312 677 451 784 ipsum
461 677 600 756 lotum
613 673 856 780 impositum
867 669 961 753 satis
972 665 1115 752 efficax
1126 669 1357 754 remedium

314 815 403 896 erit.
459 814 566 894 Alvo
584 812 684 892 fusae
699 809 997 918 supervenienti
1015 835 1106 890 raro
1119 835 1207 893 non
1219 810 1356 892 mede·

316 953 476 1032 buntnr
503 951 688 1031 tincturas
708 948 792 1054 opii
819 967 945 1054 gnttae
965 969 1043 1028 tres
1069 969 1161 1052 post
1178 946 1356 1054 singulas

317 1087 556 1194 dejectiones
594 1107 750 1168 sumtae.
808 1083 877 1166 Ad
912 1083 1164 1184 raucitatem,
1189 1111 1360 1174 crurum

318 1247 539 1319 tumorem,
565 1245 637 1304 aut
657 1244 1107 1328 mensmsasupprssssa,
1131 1219 1238 1314 nibil
1255 1246 1359 1326 opus

319 1383 380 1442 est
397 1359 599 1460 remediis,
633 1387 731 1442 cum
749 1359 835 1441 haec
855 1385 1012 1466 semper
1031 1355 1133 1438 fiant
1150 1355 1195 1436 in
1213 1357 1362 1438 morbo

320 1495 526 1606 pulmonis
546 1497 816 1603 tracbeaeque,
843 1517 884 1578 et
902 1495 947 1576 in
960 1518 1176 1578 extenuato
1193 1494 1366 1576 erbeus-s

324 1655 449 1742 toque
461 1661 640 1740 corpore,
666 1656 709 1716 et
725 1633 896 1740 proinde
910 1655 1003 1748 ante
1017 1630 1267 1720 summoveri
1278 1659 1364 1714 non

325 1772 494 1878 possint,
513 1799 641 1878 quam
659 1771 744 1877 ipse
757 1770 929 1852 morbus
940 1768 1251 1852 fueritsanatus.
1295 1772 1367 1850 Fe-

326 1911 412 1990 bris
422 1931 464 1992 et
478 1907 748 1990 inflammatio
766 1909 866 1990 adeo
876 1933 1017 2014 graves
1030 1935 1114 1989 esse
1125 1929 1308 2014 possunt,
1318 1929 1367 1993 ut

329 2073 415 2126 non
433 2045 513 2126 nisi
532 2043 739 2151 sanguinis
751 2044 942 2142 missione
957 2043 1156 2126 solvendae
1172 2046 1273 2144 sint;
1302 2071 1372 2124 ve·

289 2171 292 2180 ’
330 2209 426 2264 rum
438 2182 586 2264 crebrae
597 2181 804 2288 sanguinis
813 2181 1091 2281 detractiones,
1101 2182 1373 2288 quantumvis.

331 2319 498 2424 exiguae,
516 2318 664 2400 tabidis
683 2319 875 2400 videntur
893 2343 1049 2419 nocere,
1066 2339 1107 2400 et
1125 2340 1285 2405 ruentes
1302 2345 1372 2398 eo-

198 2487 201 2495 ·
334 2481 430 2540 rum
449 2457 551 2538 vires
571 2455 827 2562 praecipitare.

390 2592 531 2674 Incisis
560 2588 861 2698 phthisicorurn
889 2591 1150 2674 cadaveribus
1169 2591 1255 2672 vidi
1283 2593 1377 2698 pul-

336 2756 503 2810 monem
516 2729 710 2813 refertum
722 2729 925 2835 glandulis
942 2727 1184 2830 tumefactis,
1196 2753 1378 2838 quarum

337 2867 422 2944 aliae
457 2863 718 2946 inflammator
749 2887 878 2966 erant,
909 2866 994 2946 aliae
1028 2889 1273 2972 suppurata,
1303 2888 1378 2958 aut

337 3001 459 3084 etiam
475 3024 614 3107 ruptae.
673 3003 794 3113 Quae,
814 3029 1053 3109 quanquam
1064 3002 1176 3083 haud
1194 3003 1381 3086 multum

338 3137 540 3220 discedere
552 3137 743 3220 videntur
757 3167 780 3219 a
794 3139 1004 3222 strumosis
1017 3139 1250 3223 tumoribus
1265 3140 1381 3245 glan-

339 3273 532 3356 dularum
550 3274 892 3382 lymphaticarum
910 3276 955 3356 in
967 3277 1084 3376 collo,
1102 3276 1272 3383 aliisque
1289 3300 1383 3382 par...

341 3413 452 3494 tibus
471 3411 749 3513 exterioribus,
767 3413 886 3520 longe
913 3435 1051 3497 tamen
1069 3435 1166 3494 sunt
1184 3413 1383 3520 periculo-

344 3549 485 3649 siores;
515 3549 712 3656 quoniam
731 3551 936 3658 pulmonis
963 3544 1148 3633 officium
1164 3571 1224 3632 est
1251 3549 1303 3632 sd
1321 3549 1384 3632 vi-

345 3708 430 3768 tam
445 3709 529 3766 tam
544 3687 824 3786 necessarium,
838 3711 886 3768 ut
899 3710 1066 3794 gravem
1079 3686 1275 3793 injuriam
1286 3687 1388 3770 subs

346 3823 404 3906 ire
423 3822 508 3904 sine
525 3849 692 3904 summo
709 3823 943 3906 discrimine
960 3851 1047 3906 non
1065 3803 1202 3932 possit

389 3959 899 4044 ‘Remediastrumosorum
911 3961 1114 4045 malorum
1128 3960 1387 4046 multsnobis

349 4129 372 4180 a
391 4097 615 4203 majoribus
636 4097 783 4180 tradita
799 4097 981 4198 fuerunt,
1012 4124 1104 4205 quae
1122 4097 1262 4180 omnia
1286 4113 1388 4182 usus

350 4235 449 4316 adeo
468 4261 615 4340 parum
633 4235 927 4342 comprobavit,
953 4256 1002 4316 ut
1020 4262 1156 4321 verear
1182 4263 1234 4316 ne
1253 4235 1391 4320 adhue

351 4371 598 4490 desideretur
612 4372 957 4458 medicamentum
969 4371 1082 4481 quod
1103 4396 1279 4458 tumores
1298 4371 1392 4480 pul·
