3002 5086
721 625 725 642 Ι
787 490 901 585 188·

306 695 419 785 enim
434 695 672 802 hujusmodi
686 695 849 777 exhibet
869 717 940 776 aut
955 695 1188 802 graviditas,
1203 719 1273 779 aut
1286 697 1351 780 in·

307 829 433 932 flatio,
462 853 532 912 aut
547 831 678 913 viscus
699 833 846 914 morbo
865 833 1147 914 tumefactum.
1205 836 1351 941 Neque

307 991 443 1050 tamen
471 970 608 1050 nullus
628 991 687 1052 est
714 969 840 1050 errori
860 970 971 1050 locus
997 971 1043 1050 in
1071 971 1146 1071 hac
1165 997 1232 1052 re:
1262 971 1349 1053 vidi

305 1106 417 1188 enirn
437 1107 583 1212 peritos
603 1106 795 1207 medicos,
813 1129 853 1188 et
871 1107 1097 1214 chirurgos,
1114 1107 1212 1190 huic
1231 1110 1349 1216 signo

304 1241 492 1342 confisos,
510 1243 660 1326 falsum
674 1243 724 1324 de
738 1244 911 1326 tumoris
926 1265 1072 1324 natura
1085 1243 1223 1326 fecisse
1232 1245 1347 1351 judi-

304 1379 428 1463 cium.
487 1383 535 1460 ln
555 1381 675 1462 ascite
702 1408 809 1486 aqua
828 1409 928 1486 saepe
955 1380 1187 1464 continetur
1204 1381 1250 1462 in
1278 1403 1345 1462 tu-

304 1517 410 1618 nica,
428 1545 554 1624 quam
573 1517 766 1624 glandula
786 1518 944 1599 visceris
961 1517 1096 1604 uitiosi
1117 1519 1348 1625 suppedita-

300 1654 435 1736 visset
477 1657 626 1736 Ovaria
638 1685 739 1762 saepe
754 1653 862 1737 fiunt
877 1654 985 1739 sedes
1001 1654 1195 1763 hydropis
1211 1657 1256 1736 in
1266 1655 1347 1737 foe-
1387 1682 1391 1690 ·

303 1791 427 1872 minis
442 1803 522 1902 ;Jet
541 1791 710 1874 morbus
729 1791 774 1871 in
793 1791 871 1872 illis
890 1793 1154 1898 perseveravit
1169 1793 1257 1899 plus
1277 1792 1348 1873 de·

302 1929 512 2030 cennium,
526 1959 623 2011 cum
637 1930 749 2012 baud
760 1929 906 2036 majori
920 1929 1196 2027 incommodo,
1217 1957 1346 2038 quam

302 2066 418 2174 quod
436 2095 485 2146 ex
499 2068 606 2148 mole
620 2089 744 2166 tanta,
762 2089 957 2174 tantoque
973 2067 1149 2173 pondere
1168 2095 1347 2148 necessa·

302 2202 367 2286 rio
384 2225 529 2286 natum
548 2225 616 2286 est.
674 2203 983 2310 Hujusgeneris
998 2202 1178 2314 hydrops
1193 2232 1240 2284 eo
1259 2202 1344 2284 for.

299 2359 404 2426 rasse
415 2341 542 2423 tutior
555 2362 627 2441 est,
643 2341 740 2448 quia
752 2321 939 2422 orarium
954 2368 1039 2420 non
1051 2363 1137 2424 tam
1151 2341 1343 2425 advitam

301 2457 571 2557 necessarium
590 2503 661 2575 est,
682 2506 808 2585 quarn
825 2478 980 2585 reliqua
998 2478 1171 2562 viscera:
1200 2477 1244 2557 in
1262 2477 1346 2560 hoo

301 2634 439 2700 autem
458 2641 608 2721 aquam
636 2606 870 2696 conclusam
893 2613 1017 2696 fuisse
1041 2613 1237 2721 judicavi,
1265 2613 1340 2694 ubi

188 2821 190 2830 ,
302 2753 648 2858 tumoreregione
657 2753 783 2834 ovarii
795 2753 978 2859 primum
987 2751 1256 2858 deprehensus
1268 2775 1339 2840 est,

299 2889 490 2980 Humore
505 2919 605 2996 saepe
623 2889 867 2977 distenditur
883 2889 1083 2984 orarium,
1098 2889 1248 2989 et‚.nisi
1265 2889 1342 2968 fal·

298 3024 373 3124 lor,
400 3027 477 3106 alia
505 3055 671 3135 quoque
690 3029 840 3110 viscera
868 3026 1113 3125 abdominis,
1141 3025 1226 3106 sine
1253 3026 1340 3106 ullo

298 3181 651 3249 tumorecrurum.
692 3165 784 3244 Sitis
797 3163 879 3246 fere
891 3161 1120 3242 insedabilis
1130 3183 1245 3242 verat
1257 3162 1340 3268 ple-

298 3324 446 3404 rosque
464 3329 512 3380 ex
531 3300 593 3380 his
608 3301 735 3406 aegris,
755 3328 839 3380 non
854 3323 995 3388 autem
1011 3299 1230 3380 universos.
1288 3299 1339 3384 In

296 3435 412 3513 omni
430 3435 627 3543 hydrope,
649 3437 723 3517 ubi
743 3467 849 3544 aqua
867 3439 912 3516 in
932 3436 1069 3517 tunica
1097 3437 1335 3538 includitur,

296 3568 408 3652 haud
423 3569 537 3652 facile
552 3572 664 3660 dictu
676 3595 749 3670 est,
763 3602 847 3681 quo
860 3596 975 3679 pacto
988 3571 1140 3657 homor
1152 3573 1203 3654 ad
1219 3599 1337 3654 crura

294 3729 335 3787 et
352 3707 508 3810 femora
527 3709 750 3798 descendat,
809 3711 941 3790 Aiunt
959 3709 1128 3816 quidem
1150 3709 1228 3792 hoc
1247 3707 1335 3789 fieri

294 3845 358 3924 vel
378 3872 448 3950 per
470 3847 753 3930 membranam
773 3849 1013 3948 colliderem,
1041 3848 1105 3926 vel
1124 3845 1178 3945 vi,
1207 3873 1335 3952 quarn

292 3981 415 4062 habet
452 4011 611 4090 corpus,
640 3985 883 4064 absorbendi
919 3985 1138 4064 humorem
1165 4011 1214 4063 ex
1246 4011 1333 4066 uno

292 4121 395 4221 loco,
422 4141 462 4200 et
480 4121 525 4200 in
545 4121 671 4200 alium
691 4121 886 4227 cogendi.-
930 4121 979 4200 In
995 4120 1244 4227 quibusdam
1263 4148 1334 4200 ne-

290 4256 374 4336 scio
387 4283 441 4346 an
454 4285 567 4370 aqua
582 4285 672 4364 quae
692 4257 737 4336 in
757 4257 974 4338 abdomine
989 4280 1061 4358 est,
1088 4257 1244 4364 aliquid
1262 4257 1335 4352 ha,

288 4391 385 4486 beat
411 4421 631 4486 commune
654 4421 751 4486 curn
779 4393 847 4476 illa
875 4423 966 4502 ,qua
986 4415 1096 4486 artus
1125 4391 1333 4490 inferiores
1369 4455 1373 4462 .

940 4523 957 4560 0
