3002 5086
781 534 879 648 196
916 651 919 660 .

308 775 448 831 omnes
475 745 718 829 confundat:
747 769 789 828 at
816 747 899 830 cibi
926 747 1349 856 cupiditas‘naturalis

307 908 457 986 manet,
471 885 534 966 vel
549 886 671 966 etiam
686 885 859 992 naturali
874 884 1015 994 major.
1073 887 1207 968 Urina
1219 887 1352 970 diluta

308 1053 390 1106 esse
406 1023 628 1124 consuevit,
643 1044 682 1104 et
697 1023 988 1130 copiosissima3
1017 1022 1095 1106 hoc
1109 1019 1250 1106 tamen
1265 1053 1353 1108 non

305 1184 366 1244 est
384 1182 636 1268 perpetuum.
696 1160 824 1240 Haud
843 1181 991 1241 temere
1010 1161 1179 1269 reperies
1205 1189 1352 1270 quem·

306 1300 406 1381 libet
433 1298 564 1379 cordis
590 1297 715 1404 ipsius
736 1295 939 1398 affectum,
968 1298 1043 1404 qui
1067 1300 1347 1406 palpitationes

310 1434 626 1516 vehementiores
646 1434 802 1534 excitet,
817 1461 944 1542 quam
963 1433 1030 1516 hic
1048 1435 1098 1516 de
1114 1463 1200 1543 quo
1219 1465 1353 1520 sermo

305 1595 378 1673 est,
397 1573 487 1654 licet
506 1600 575 1652 cor
594 1570 744 1652 interea
762 1571 814 1651 sit
833 1599 981 1652 sanum
998 1593 1039 1653 et
1056 1571 1241 1654 illaesum.
1300 1575 1349 1655 In
1431 1581 1434 1588 '

306 1711 355 1792 iis
374 1709 510 1809 etiam,
536 1735 717 1818 quorum
735 1708 949 1814 pulmones
967 1729 1066 1790 sunt
1083 1709 1351 1818 integerrimi,

307 1847 471 1954 spiritus
502 1843 551 1926 fit
580 1873 666 1927 non
695 1845 834 1925 minus
865 1841 1039 1926 difficilis
1069 1865 1109 1926 et
1138 1869 1352 1953 angustus,

307 2009 435 2092 quam
453 1983 623 2089 injusto
652 1977 860 2084 asthmate.
919 1982 1034 2062 Turn
1052 1983 1182 2064 solent
1209 1983 1351 2066 deludi

306 2120 415 2201 falsis
434 2119 688 2227 imaginibus
705 2119 831 2200 veluti
850 2117 1070 2224 globorum
1097 2118 1143 2198 in
1160 2117 1352 2202 faucibus

306 2257 564 2356 haerentium,
577 2279 617 2336 et
629 2256 741 2336 inani
753 2256 1082 2362 strangulationis
1098 2279 1224 2338 metu.
1273 2257 1354 2339 La-

308 2413 457 2502 crymae
479 2421 645 2502 quoque
664 2393 751 2498 ¹sine
767 2391 905 2474 dolore
924 2387 1146 2500 profluunt.
1206 2395 1353 2476 Nares·

307 2559 389 2642 que
400 2553 439 2614 et
454 2557 567 2612 autes
583 2529 777 2611 odoribus
790 2529 981 2640 sonisque
996 2528 1098 2612 fictis
1112 2531 1348 2638 implentur.

305 2667 427 2748 Oculi
447 2667 533 2748 sine
551 2665 766 2748 manifesta
784 2667 907 2748 causa'
922 2667 1107 2772 caligant.
1165 2667 1353 2774 Vertigo,

307 2832 502 2885 sensuum
522 2803 721 2904 confusio,
740 2801 894 2910 stupor,
913 2825 952 2884 et
971 2803 1099 2884 animi
1117 2803 1351 2886 inconstan-

306 2943 362 3022 tia
381 2963 490 3041 sunt,
518 2969 615 3022 cum
641 2941 872 3022 attentionis
900 2941 1189 3048 memoriaque
1216 2939 1354 3024 defec-

306 3081 416 3162 tione
430 3115 442 3180 3
472 3107 563 3188 quae
584 3079 717 3186 palam
732 3077 902 3178 faciunt,
919 3077 1154 3160 facultatem
1167 3077 1352 3186 aliquam

304 3217 451 3317 deesse,
459 3245 549 3324 qua
562 3217 841 3324 modereturet
850 3215 999 3322 dirigat
1010 3215 1189 3322 corporis
1197 3239 1354 3318 motus,-

306 3343 569 3463 mentemque
596 3383 679 3436 esse
699 3355 777 3436 sub
804 3375 996 3462 potestate
1015 3355 1154 3436 aliena.
1212 3357 1354 3437 Noctu

305 3491 428 3572 etiam
454 3491 567 3571 nulla
581 3491 663 3572 fere
690 3491 859 3572 miseria
880 3491 1124 3574 intermissio
1143 3513 1221 3592 est;
1250 3519 1353 3572 nam

305 3653 409 3734 aeger
438 3655 585 3734 parum
617 3627 785 3728 dormit,
813 3650 853 3708 st
886 3629 1054 3710 somniis
1084 3627 1350 3709 tumultuosis

305 3764 494 3871 agitatur,
516 3787 556 3846 et
575 3793 677 3874 sape
694 3765 992 3872 expergiscitur.
1050 3765 1118 3846 Ad
1136 3765 1222 3846 hac
1241 3793 1352 3860 acce⁴

304 3903 412 3984 dunt
431 3903 611 4010 jactatio,
630 3901 786 3984 dolores
806 3903 912 4008 vagi,
932 3901 1091 3983 ardores
1112 3901 1251 4000 subiti,
1274 3899 1352 3982 fri·-

301 4039 389 4144 gidi
408 4039 588 4140 sudores,
603 4063 744 4140 terror,
756 4061 922 4139 tremor,
940 4039 1044 4120 leves
1063 4037 1351 4118 membrorum

301 4177 580 4277 distentiones,
608 4199 729 4284 atque
750 4198 944 4282 torpores,
963 4175 1116 4282 quibus
1137 4173 1351 4255 interdum

162 4331 184 4390 J
299 4313 400 4395 adeo
428 4305 687 4424 opprimitur,
715 4335 772 4396 ut·
789 4313 852 4394 vel
879 4311 1018 4396 animo
1048 4311 1274 4440 linquatur,
1300 4331 1352 4394 et
