3104 5084
178 661 305 764 uium,
341 681 435 772 tota·
461 661 751 742 morbillorum
779 658 935 742 curatio
973 651 1218 746 continetur.

178 802 386 884 Menstrua
414 797 585 882 fluentia
612 797 810 907 impedire
829 825 915 880 non
943 797 1108 900 debent,
1135 827 1222 908 quo

178 939 311 1024 minus
332 967 434 1020 vena
453 937 672 1036 incidatur,
700 936 826 1018 modo
846 935 967 1018 tussis
983 958 1024 1018 et
1042 936 1226 1043 spirandi

179 1076 391 1160 difficultas
421 1097 604 1182 urgeant.
664 1075 713 1154 In
742 1073 877 1156 media
905 1075 1099 1156 muliebri
1127 1103 1226 1184 pur·

178 1216 333 1320 gatione
364 1213 609 1320 sanguinem
637 1234 728 1294 tuto
756 1211 987 1312 detractum
1016 1212 1124 1313 vidi3
1155 1211 1225 1296 sed
1373 1245 1378 1254 ·

178 1349 434 1432 inflammato
468 1351 678 1458 pulmone,
725 1347 954 1456 spirituque
991 1349 1226 1452 intercluso,

178 1513 295 1570 nemo
330 1515 521 1598 unquam
555 1486 659 1568 vidit
695 1485 775 1568 hoc
814 1485 1015 1567 auxilium
1051 1485 1226 1594 impune

179 1626 322 1708 omitti.
909 1621 911 1630 '

231 1761 479 1844 Mulieribus
492 1759 669 1868 gravidis
684 1759 805 1866 longe
823 1758 961 1839 miuus
977 1759 1145 1866 periculi
1164 1783 1225 1844 est

178 1929 201 1982 tt
218 1899 431 2000 morbillis‚
446 1925 573 2006 quam
588 1895 797 1980 avariolis.
856 1897 1048 1980 Grauidae
1064 1899 1226 1980 variolis

178 2061 365 2145 correpta
386 2037 628 2142 plerumque
641 2033 801 2116 faciunt
816 2034 1022 2136 abortum,
1036 2057 1077 2118 et
1092 2035 1227 2142 saepis·

178 2175 275 2257 sime
294 2175 543 2256 moriuntur.
602 2173 719 2254 Tales
742 2199 837 2254 vero
865 2174 1005 2254 curavi
1024 2173 1226 2257 consuetis

179 2312 466 2394 morbillotum
482 2309 598 2390 malis
612 2337 697 2390 non
716 2309 973 2390 mediocriter
987 2311 1228 2412 laborantes,

178 2450 370 2558 equibus
391 2475 514 2528 nemo
532 2475 616 2528 una
642 2469 808 2555 partum
827 2447 944 2544 absit,
974 2470 1045 2528 aut
1063 2471 1227 2557 propter

179 2587 461 2693 graviditatem
474 2587 611 2666 minus
628 2613 847 2692 prosperae
861 2587 1008 2668 morbo
1020 2613 1227 2694 assurgere

178 2725 261 2805 risa
288 2745 360 2804 est.
412 2723 506 2802 Alia
523 2723 568 2802 in
597 2750 640 2804 re
673 2723 803 2829 magis
830 2721 998 2804 fortasse
1026 2723 1226 2804 morbillis

179 2861 370 2944 convenit
406 2867 505 2942 cum
532 2859 721 2958 variolis;
760 2883 858 2940 nam
891 2859 954 2940 hae
988 2887 1035 2942 eo
1073 2861 1225 2967 pejores

180 3019 288 3099 tunt,
323 3025 408 3104 quo
443 2997 613 3104 pustulae
648 2995 803 3076 fuerint
835 2995 1157 3102 frequentiores;
1186 3015 1227 3080 et

179 3136 320 3216 eadem
340 3163 423 3216 este
442 3135 734 3214 morbillorum
754 3131 916 3214 videtur
932 3133 1125 3214 conditio.

232 3271 359 3378 Signa
378 3271 587 3352 morbillos
608 3270 872 3376 praecedentia
888 3289 1138 3352 accesserunt
1149 3290 1229 3350 trs·

179 3407 313 3490 decim
333 3409 417 3490 dies
446 3429 667 3514 postquam
694 3407 835 3506 homo,
864 3429 1069 3514 quantum
1092 3407 1229 3514 potuit

174 3543 365 3652 judicati,
393 3546 633 3653 contagione
661 3545 805 3626 fuisset
823 3543 996 3628 afflatus.
1056 3546 1105 3626 Iu
1123 3543 1229 3626 duo·

180 3681 257 3764 bus
269 3684 358 3766 aliis
369 3683 529 3766 decimo
542 3705 689 3792 quarto
704 3683 770 3766 die
783 3683 1034 3790 prodierunt.
1065 3683 1228 3792 Inqua-

181 3841 275 3902 tuor
289 3821 376 3904 aliis
388 3821 525 3904 morbi
538 3821 692 3902 sentina
704 3849 744 3902 se
759 3821 1025 3902 ostenderunt
1036 3847 1132 3902 cum
1138 3819 1229 3926 jam

181 3957 323 4040 decem
340 3959 513 4042 omnino
531 3959 616 4040 dies
636 3957 809 4040 fuissent
826 3959 937 4039 intus
957 3979 1125 4064 recepta.

239 4095 447 4208 Quadam
468 4097 610 4178 nutrix
637 4096 1045 4208 morbilliaqcorrepta
1067 4091 1231 4178 lactavit

183 4231 385 4318 infantem
411 4235 465 4320 ad
492 4265 590 4318 eum
608 4263 740 4344 usque
750 4235 879 4334 diem,
893 4263 979 4342 quo
993 4233 1166 4341 pustulat
1180 4232 1229 4316 in

183 4393 274 4454 cute
294 4375 553 4484 apparebant,
581 4401 717 4482 neque
745 4394 1000 4454 tamencum
1027 4369 1100 4456 'suo
1116 4393 1229 4452 mor-
