3002 5086
582 525 702 622 ⁰211‘

104 731 265 819 stitutio
277 730 393 815 novis
410 731 569 814 calculis
582 731 795 840 gignendis
810 729 931 832 favet,
947 729 1150 812 sedetiam

104 875 206 984 quia
223 875 370 954 icterus
400 899 502 978 saepe
521 869 666 952 finitur
685 869 837 952 calculo
856 897 941 950 non
969 869 1150 975 expuls0,

102 1012 176 1094 aed
188 1011 233 1090 in
245 1010 463 1090 vesiculam
475 1009 641 1114 relaps0,
654 1007 764 1089 unde
774 1007 924 1089 iterum
938 1007 1149 1114 proveniat
1164 1035 1168 1044 ’

100 1149 148 1228 in
168 1147 357 1247 ductum,
384 1167 424 1227 et
442 1172 593 1225 novam
613 1145 878 1226 accessionem
895 1143 1052 1224 inferat

159 1283 335 1390 Aurigo,
350 1309 501 1390 quaeex
518 1281 611 1362 bilis
624 1281 830 1362 canalibus
843 1279 1045 1388 impeditis
1059 1303 1147 1361 orta
1258 1323 1262 1334 ·

98 1445 163 1506 est
182 1421 342 1528 integro
370 1419 525 1528 hepate,
552 1441 667 1500 vacat
690 1417 858 1526 quidem
886 1417 1078 1525 periculo,
1106 1441 1147 1500 et

99 1559 258 1640 multos
267 1556 550 1638 etiamarebus
559 1555 721 1662 agendis
729 1583 813 1636 non
823 1555 1026 1638 abstrahit.
1044 1557 1148 1668 Om-

99 1697 174 1780 uia
193 1718 331 1778 autem
349 1693 502 1801 hepatis
521 1693 646 1802 ipsius
667 1693 765 1774 vitia
783 1693 1012 1774 maximum
1031 1693 1145 1800 aegris

100 1833 335 1943 periculum
349 1831 561 1913 intentant.
606 1833 699 1912 Hoc
712 1831 842 1912 viscus
858 1829 1148 1914 inflammatio-

100 1971 232 2052 nibus
248 1967 464 2075 repentinis
480 1997 524 2050 ac
539 1965 846 2050 vehementibus
866 1991 1147 2076 opportunum

100 2136 188 2190 esse
208 2105 383 2206 videtur,
412 2133 503 2213 quae
523 2101 586 2186 vel
613 2107 750 2212 paucis
779 2105 922 2187 diebus
942 2105 1148 2206 occidunt,

101 2247 183 2346 vel,
203 2241 492 2350 suppuratione
506 2241 624 2342 facta,
637 2241 804 2340 tardius,
821 2241 889 2324 sed
908 2271 993 2324 non
1007 2243 1145 2324 minus

100 2403 279 2480 certum,
306 2377 478 2461 exitium
497 2377 682 2462 afferunt.
741 2381 834 2460 Hoc
854 2403 991 2464 tamen
1018 2379 1148 2462 rarius

100 2539 175 2600 est.
237 2515 375 2598 Multo
387 2515 529 2624 saepius
543 2513 718 2598 scirrhus
730 2515 775 2597 in
790 2517 925 2625 aliqua
936 2518 1020 2624 ejus
1036 2543 1148 2625 parre

100 2649 471 2760 nascitur,pr0rsus
482 2653 544 2746 uti
553 2647 600 2736 fit
611 2653 656 2733 in
665 2655 855 2736 mammis
866 2653 1150 2756 foeminarum,

103 2791 184 2902 qui
198 2791 324 2872 modo
339 2791 601 2898 conquiescit,
619 2791 744 2872 modo
758 2787 1038 2874 inflammatur
1052 2821 1150 2874 curn

100 2930 220 3012 febre
232 2926 398 3027 hectica,
410 2925 587 3028 fastidio,
600 2925 741 3030 macie,
759 2949 879 3028 tusse,
888 2949 932 3036 et
951 2929 1145 3036 singultu.

101 3064 245 3174 Spatia
262 3063 368 3144 inter
395 3061 734 3146 inflammationes
757 3065 802 3144 in
830 3065 916 3146 aliis
935 3063 1011 3146 alia
1039 3089 1146 3147 sunt.

102 3203 166 3284 Hi
187 3201 326 3308 paucis
345 3199 553 3282 mensibus
573 3184 826 3304 moriuntur3
855 3203 914 3282 illi
933 3229 1059 3284 annos
1079 3203 1151 3284 ali-¹

104 3359 215 3448 quot
236 3357 474 3446 supersunt:
504 3337 685 3446 plerique
712 3339 833 3446 paulo
863 3361 953 3420 ante
973 3363 1150 3422 mortem

103 3475 219 3558 fiunt
236 3473 461 3586 hydropici.
520 3477 639 3558 Jecur
657 3474 828 3558 forsitan
843 3473 954 3558 haud
973 3480 1151 3564 acutiore

104 3639 232 3696 sensu
250 3611 450 3696 donatum
464 3633 536 3714 est,
550 3615 920 3722 quampulmones3
950 3617 1153 3724 quamob-

104 3775 199 3834 rem
219 3749 253 3831 si
271 3749 349 3831 hoc
369 3751 502 3832 solum
513 3749 565 3831 sit
579 3751 624 3831 in
638 3751 798 3848 morbo,
814 3773 853 3832 et
867 3774 997 3858 partes
1010 3754 1153 3836 vicinae

32 3941 33 3969 i
104 3885 353 3992 contagione
371 3913 457 3968 non
471 3887 682 3988 laedantur,
700 3887 911 3988 obscurus,
930 3911 1001 3970 aut
1015 3889 1152 3972 nullus

34 4111 36 4134 p
105 4024 230 4105 dolor
247 4023 500 4132 percipietur.
559 4023 623 4107 Sic
643 4021 773 4107 affecti
791 4025 860 4107 vix
879 4025 958 4107 nisi
985 4025 1153 4107 inlatus

35 4135 38 4266 i
106 4161 306 4243 dextrum
324 4161 487 4244 cubant.

169 4293 331 4382 Morbis
349 4295 504 4406 hepatis
535 4321 638 4406 saepe
666 4293 819 4382 accedit
846 4297 963 4380 dolor
991 4295 1155 4380 humeri

604 4459 674 4518 Η
