3016 5076
602 889 710 974 Cnn.
732 892 771 976 2.

395 1167 397 1174 ,
436 1074 506 1158 De
527 1073 704 1162 Ratione
728 1073 938 1162 Medendi.
999 1135 1002 1140 -

218 1265 272 1346 In
310 1260 467 1344 morbis
506 1262 686 1345 levandis
719 1259 921 1370 principio
959 1257 1211 1342 considerare

164 1423 336 1512 oportet,
346 1402 512 1483 locusne
524 1399 576 1482 sit
586 1399 912 1483 exinanientibus
924 1434 936 1500 3
965 1397 1092 1498 idest,
1106 1423 1212 1478 num

164 1539 441 1630 consenserint
470 1537 640 1646 plurimi
669 1537 827 1620 medici·
846 1537 892 1620 in
915 1535 1116 1620 similibus
1147 1563 1212 1617 ca-

163 1677 277 1760 sibus
307 1673 423 1758 utilia
450 1703 532 1758 esse
559 1703 651 1784 quae
680 1703 844 1758 vomere
868 1655 1039 1775 faciunt,
1070 1699 1212 1782 quaeve

152 1823 334 1896 'movent
352 1813 506 1912 alvum,
525 1813 703 1914 urinam,
722 1813 927 1915 sudorem,
941 1813 1122 1911 salivam,
1141 1831 1212 1892 aut

166 1973 499 2070 sternutamenta,
518 1951 725 2058 sanguinis
745 1941 1079 2058 missionem(pe'r
1097 1947 1212 2030 hiru-
1240 2053 1243 2060 ι

164 2087 315 2190 dines,
324 2057 616 2189 cucurbitulas,
652 2089 715 2169 vel
752 2087 1006 2202 lanceolam),
1034 2085 1212 2198 denique

74 2275 76 2280 ·
165 2225 389 2327 exurentis,
407 2248 480 2308 ant
497 2225 776 2310 exulcerantia.

223 2365 263 2446 2
282 2361 455 2463 Deinde,
473 2388 527 2444 an
540 2361 691 2444 dentur
702 2360 885 2470 specifica
897 2389 990 2470 quae
1002 2374 1214 2464 vocantur,'

168 2497 251 2582 siue
279 2487 348 2581 illa
376 2526 468 2610 quae
497 2499 706 2608 propriam
724 2500 811 2580 vim
840 2499 993 2582 habent
1021 2497 1212 2580 adversus

168 2637 366 2722 morbum
379 2665 464 2749 quo
476 2665 580 2747 aeger
598 2637 763 2722 laborat.
812 2637 1215 2748 Multahujusgene·

80 2761 84 2768 ’
169 2774 224 2860 ris
243 2773 403 2891 ubique
421 2775 628 2862 venditata
647 2799 757 2880 sunt,
776 2803 958 2888 quorum
973 2775 1216 2891 paucissima

168 2909 1216 3022 fautorumpromissis,etmedicorumootisrespon

47 3077 51 3088 ·
169 3049 331 3136 derunt.
380 3053 600 3162 Nusquam
615 3051 744 3160 magis
764 3049 955 3133 convenit
970 3073 1085 3133 vetus
1100 3047 1217 3150 illud,

169 3185 256 3287 2th
271 3193 333 3267 tal
350 3181 652 3294 piptao'oimrefs·
705 3189 843 3296 Hujus
869 3209 1008 3270 tamen
1037 3185 1217 3268 nominis

170 3319 305 3402 bonor
337 3320 485 3412 merito
512 3321 642 3406 tribui
672 3349 805 3434 potest
842 3349 1010 3434 argento
1040 3325 1136 3408 vivo
1164 3323 1218 3406 ad

171 3457 339 3540 morbos
348 3459 533 3562 Veneris,
544 3461 685 3545 cortici
700 3465 925 3546 Peruviano
945 3463 996 3545 ad
1010 3461 1142 3545 febres
1155 3463 1219 3544 in-

172 3593 453 3697 termittentes,
467 3596 654 3706 sulphuri
667 3599 719 3681 ad
732 3601 921 3701 scabiem,
932 3599 1090 3710 opioad
1100 3621 1221 3707 quas-

173 3729 271 3812 dam
289 3732 567 3837 distentiones,
585 3757 626 3820 et
644 3737 760 3848 aquis
781 3737 988 3820 Bathoniae
1009 3735 1061 3820 ad
1088 3737 1221 3830 ebrio·

175 3893 316 3950 rorum
335 3867 559 3955 fastidium.

229 4007 377 4090 Praeter
401 4009 487 4092 haec
506 4039 648 4119 pauca,
676 4013 824 4097 dubito
844 4043 897 4095 an
925 4013 1222 4096 medicamenta

176 4141 317 4226 decem
331 4147 411 4228 'alia
429 4150 586 4256 possint
604 4153 782 4257 reperiri,
802 4153 962 4260 quarab
981 4153 1135 4233 idoneis
1151 4181 1223 4232 au-

178 4279 336 4364 toribus
351 4281 396 4366 in
415 4285 711 4394 specificorum
722 4289 766 4371 id
784 4313 856 4390 est,
876 4311 1081 4372 certorum
1096 4315 1224 4369 reme-

179 4413 344 4504 diorum
380 4422 548 4508 classem
585 4427 708 4511 relata
745 4425 928 4530 fuerunt,
959 4451 1222 4534 quorumque
