3050 5084
594 367 596 377 Ι
639 477 740 588 373

158 705 263 785 aeger
281 681 373 762 satis
393 681 617 763 commoda
637 677 878 764 valetudinis
901 699 974 781 est,
1000 679 1069 761 six
1091 679 1205 762 aliud

157 817 314 898 malum
330 844 502 925 querens
518 841 659 927 praeter
673 819 829 900 tussim.
860 818 910 898 In
924 817 1010 898 aliis
1029 819 1200 899 morbus
1256 877 1261 896 .

152 955 359 1060 pulmonis
389 955 511 1064 serpit
537 955 721 1066 quidem,
752 955 822 1038 sed
851 953 1129 1058 tardisssime;
1162 975 1217 1038 et,

157 1117 399 1198 quanquam
427 1092 546 1174 tussis
576 1093 743 1198 singulis
773 1091 977 1172 hiemibus
999 1092 1201 1200 abusque

23 1271 30 1282 ·
150 1227 368 1334 juventute
396 1227 467 1311 fiat
494 1231 615 1337 paulo
644 1229 862 1328 molestior,
890 1211 1033 1334 pul-mo
1061 1249 1201 1310 tamen

158 1391 245 1444 non
264 1367 362 1447 adeo
381 1367 549 1468 laborat,
569 1389 619 1448 ut
636 1367 768 1474 gravis
789 1363 968 1471 spirandi
987 1361 1201 1448 difficultas

158 1498 331 1602 accedat,
373 1503 452 1583 nisi
479 1525 639 1586 matura
661 1502 749 1610 jam
778 1521 991 1582 senectute.
1058 1501 1204 1585 Sedet

156 1639 363 1745 pulmonis
391 1641 521 1742 ulcus,
547 1662 596 1722 ut
625 1639 845 1746 conjectare
872 1637 933 1720 fas
953 1659 1037 1719 erat
1056 1667 1104 1720 ex
1123 1639 1202 1720 hu-

158 1802 273 1856 more
301 1779 530 1884 purulento,
560 1799 599 1858 et
631 1801 773 1857 cruore
801 1775 1023 1876 exscreatis,
1051 1777 1201 1858 multos

159 1938 287 1993 annos
302 1913 409 1993 intra
427 1935 575 1994 veteres
591 1912 783 1994 terminos
805 1939 886 1992 sese
906 1911 1122 2012 continuit,
1140 1911 1204 1993 vel

160 2047 324 2130 eosdem
349 2048 567 2130 lentissime
586 2047 799 2155 superavit.
858 2046 1075 2128 Interdum
1089 2050 1204 2130 ulcus

161 2185 301 2271 tunica
313 2186 518 2268 inclusum
528 2184 622 2286 fuit,
637 2211 766 2292 quam
778 2183 945 2266 tandem
958 2203 1206 2291 aegerextus·

161 2322 230 2416 siit
248 2349 333 2403 non
352 2321 438 2404 sine
455 2319 894 2428 magnalcontentione,
921 2341 961 2402 et
980 2325 1204 2428 strangula-

161 2458 284 2540 tionis
303 2459 505 2567 pericu103
525 2487 610 2566 quo
627 2455 748 2560 facto,
766 2458 909 2564 pulmo
928 2457 1090 2541 videtur
1108 2487 1204 2543 con·

162 2599 352 2680 senuisse.

218 2736 450 2816 Nerrorum
460 2733 734 2836 distentiones,
747 2754 787 2816 et
797 2735 1116 2842 perturbationes
1129 2736 1206 2848 hy·
1227 2811 1230 2820 .

164 2870 329 2972 ueritas,
359 2871 710 2978 quemadmodum
728 2893 889 2954 caeteros
905 2899 1044 2954 omnes
1065 2901 1206 2980 corpo-

114 2989 118 2996 *
163 3007 219 3102 ris
231 3009 435 3089 musculos
447 3031 642 3110 exercent,
660 3009 716 3112 sic
728 3035 894 3115 quoque
905 3009 1111 3090 musculos
1125 3010 1206 3115 spi-

162 3127 306 3246 randi3
325 3145 435 3225 unde
451 3143 498 3226 fir
511 3145 630 3226 tussis
646 3117 688 3224 vi
703 3171 776 3224 sua
790 3143 1071 3226 molestissima
1085 3180 1096 3245 ς
1116 3145 1207 3252 pul·'
1252 3125 1255 3132 ’

162 3307 236 3362 mo
249 3281 400 3364 interea
413 3309 498 3362 non
516 3281 645 3388 magis
664 3280 851 3392 violatur,
868 3307 995 3389 quam
1015 3281 1099 3362 aliae
1119 3309 1208 3364 cor·

162 3417 272 3525 poris
283 3439 427 3525 partes,
446 3445 536 3524 quae
556 3439 772 3524 postquam
787 3419 1020 3524 gravissime
1038 3417 1208 3501 fuerunt

164 3556 381 3656 convulsae,
408 3556 471 3635 vel
490 3555 639 3654 statim,
667 3555 729 3634 vel
753 3553 881 3655 brevi,
908 3553 960 3634 ad
988 3555 1209 3662 pristinum

165 3711 318 3774 statum
332 3711 600 3772 revertuntur.
631 3689 769 3797 Hujus
784 3691 940 3797 generis
952 3713 1092 3793 tusses,
1106 3713 1155 3774 ut
1167 3715 1208 3776 et

164 3827 243 3910 illae
262 3855 353 3935 quae
383 3827 702 3922 adestillatione
728 3851 964 3930 nascuntur,
991 3829 1209 3911 vehemen-

165 3965 286 4048 tiores
307 3987 415 4065 sunt,
442 3985 482 4046 et
499 3964 627 4078 magis
648 3989 815 4065 sonorae,
844 3993 971 4072 quam
991 3955 1081 4073 quae
1101 3965 1210 4054 fiunt

165 4129 215 4185 ex
243 4102 348 4202 tabe,
376 4101 460 4182 sive
477 4100 705 4207 incipiente,
733 4127 804 4182 seu
822 4101 1036 4207 deplorata.
1094 4101 1209 4183 Idem
1334 4128 1338 4135 ’

166 4235 249 4320 dici
278 4259 408 4345 potest
434 4237 485 4317 de
512 4235 589 4317 ista
616 4257 737 4337 tusse,
770 4257 861 4345 quae
891 4235 1158 4344 proficiscitur
1186 4266 1209 4318 a

166 4399 333 4484 torpore
362 4373 514 4482 quovis
538 4372 702 4470 duriore
729 4375 774 4456 in
802 4367 1007 4460 tracheam
1034 4373 1207 4484 delapso.
