3016 5076
668 510 842 606 ὅδ’

226 717 394 798 Dolores
407 715 620 817 arthritici,
638 717 784 800 relictis
801 717 986 819 artubus,
1006 715 1216 800 interdum
1290 729 1294 735 '

167 852 518 955 inventriculnm,
545 855 774 962 pulmones,
801 883 885 958 cor,
913 875 984 936 aut
1002 855 1216 936 cerebrum

168 1011 399 1074 vertuntur.
514 971 516 978 ¹

225 1127 288 1208 Hi
302 1126 460 1208 dolores
480 1127 544 1210 vel
562 1154 793 1236 nunquam,
820 1130 885 1210 vel
904 1127 1105 1210 rarissime
1121 1155 1216 1209 vex-

165 1285 241 1348 ant
260 1291 517 1372 quemquam
535 1285 626 1346 ante
646 1267 913 1372 pubertatem.

222 1401 445 1501 Postremo,
484 1395 559 1510 qui
587 1429 636 1483 ex
666 1403 836 1484 artubus
856 1402 1038 1482 multum
1057 1401 1214 1484 labora·

165 1559 282 1637 runt,
309 1537 476 1644 posteris
504 1537 585 1620 suis
608 1537 798 1620 miseram
816 1537 921 1618 hanc
940 1536 1215 1650 haereditatem

163 1676 412 1784 plerumque
431 1649 727 1756 transmittunt.

223 1814 326 1898 Hac
339 1813 443 1898 mihi
455 1813 646 1896 videntur
658 1815 774 1920 signa
785 1842 881 1916 esse,
896 1841 986 1922 quae
1002 1839 1140 1896 veram
1150 1837 1213 1892 ar-

164 1949 380 2031 thritidem
388 1949 587 2050 indicant3
601 1977 782 2057 quorum
790 1979 986 2032 neunum
999 1950 1213 2058 proprium

162 2109 225 2169 est
256 2085 365 2170 acuti
394 2085 688 2169 rheumatismi.
747 2089 855 2186 Nam
886 2115 1019 2196 neque
1037 2087 1072 2168 is
1092 2087 1211 2194 pedes

162 2221 302 2330 potius
334 2249 461 2330 quam
478 2223 586 2325 ,alias
618 2245 747 2330 partes
767 2223 948 2324 inuadit3
984 2251 1117 2331 neque
1136 2223 1211 2304 diu

162 2360 211 2444 in
224 2359 370 2444 eodem
384 2360 473 2441 loco
487 2381 653 2462 manet,
682 2387 826 2442 verum
846 2360 1065 2466 primaeua
1083 2365 1218 2442 acces-'

161 2497 280 2578 'sione
298 2496 539 2578 universum
558 2483 704 2603 corpus
724 2523 826 2604 sape
856 2519 1045 2604 pererrat,
1078 2519 1118 2582 et
1146 2497 1210 2578 in·

163 2633 331 2716 tercium
349 2661 506 2716 menses
525 2633 681 2741 aliquot
696 2631 928 2742 perseverat.

220 2772 355 2854 Locus
389 2771 682 2854 rheumatismo
713 2763 931 2878 occupatus
965 2771 1077 2854 haud
1102 2773 1210 2854 mul-

163 2930 259 2996 tum
273 2907 395 3009 dolet,
413 2908 493 2992 nisi
506 2929 729 2992 moveatur.
787 2909 902 2990 Dum
916 2907 1101 3014 quiescit,
1123 2935 1209 2990 non

162 3067 252 3128 tam
281 3046 446 3152 angitur
475 3065 515 3127 et
545 3068 773 3154 torquetur,
811 3071 939 3156 quam
961 3043 1210 3128 lassitudinis

164 3209 286 3266 sensu
305 3182 475 3264 molesto
494 3205 673 3266 vexatur.

221 3319 336 3402 Cutis
367 3319 476 3402 color
507 3319 541 3400 si
572 3319 677 3403 forte
694 3341 892 3422 mutetur,
925 3320 1063 3420 leviter
1082 3318 1209 3400 modo

163 3455 378 3552 erubescit,
407 3483 494 3539 non
512 3455 771 3542 vehementer
788 3459 1003 3544 coloratur.

219 3591 444 3702 Saepissime
459 3591 520 3694 fit,
537 3616 586 3680 ut
600 3623 704 3704 quos
719 3593 1036 3676 rheumatismus
1055 3593 1209 3701 gravis-

164 3731 266 3816 sime
295 3729 505 3840 cruciavit,
544 3759 784 3840 quanquam
805 3733 879 3814 diu
898 3755 1034 3838 postea
1052 3733 1208 3832 vivant,

116 3893 120 3899 ·
162 3867 209 3952 in
226 3895 324 3950 enm
338 3895 556 3974 nunquam
570 3869 721 3952 iterum
733 3869 925 3952 incidant.
967 3869 1055 3950 Ubi
1068 3893 1207 3951 autem

163 4005 392 4104 revertitur,
419 4005 571 4088 reditus
587 4029 684 4089 sunt
698 4005 932 4108 inordinati,
950 4005 1072 4088 nullis
1088 4007 1205 4088 certis

164 4141 417 4248 temporibus
436 4143 599 4226 astricti.

218 4277 519 4360 Rheumatismi
539 4261 653 4362 acuti*
677 4279 834 4362 dolores
862 4280 1063 4398 rarissime
1086 4279 1207 4362 relin-

166 4437 302 4524 quunt
319 4417 541 4521 musculos,
568 4417 608 4504 ‘et
625 4417 672 4502 in
689 4419 842 4504 viscera
859 4439 1081 4504 uanssunt.
