<?xml version="1.0" encoding="UTF-8"?>
<!DOCTYPE html PUBLIC "-//W3C//DTD XHTML 1.0 Transitional//EN"
    "http://www.w3.org/TR/xhtml1/DTD/xhtml1-transitional.dtd">
<html xmlns="http://www.w3.org/1999/xhtml" xml:lang="en" lang="en">
 <head>
  <title>
</title>
<meta http-equiv="Content-Type" content="text/html;charset=utf-8" />
  <meta name='ocr-system' content='tesseract 3.04.00' />
  <meta name='ocr-capabilities' content='ocr_page ocr_carea ocr_par ocr_line ocrx_word'/>
</head>
<body>
  <div class='ocr_page' id='page_1' title='image "./commentariidemo00hebegoog_0312.png"; bbox 0 0 3104 5084; ppageno 0'>
   <div class='ocr_carea' id='block_1_1' title="bbox 169 607 1317 2954">
    <p class='ocr_par' dir='ltr' id='par_1_1' title="bbox 169 607 1317 2954">
     <span class='ocr_line' id='line_1_1' title="bbox 227 607 1273 767; baseline -0.004 -27"><span class='ocrx_word' id='word_1_1' title='bbox 227 655 325 767; x_wconf 78' lang='lat' dir='ltr'><strong>lysis</strong></span> <span class='ocrx_word' id='word_1_2' title='bbox 344 607 491 763; x_wconf 69' lang='lat' dir='ltr'><strong>grisii,</strong></span> <span class='ocrx_word' id='word_1_3' title='bbox 509 661 750 764; x_wconf 78' lang='lat' dir='ltr'><strong>quanquam</strong></span> <span class='ocrx_word' id='word_1_4' title='bbox 768 680 855 736; x_wconf 91' lang='lat' dir='ltr'><strong>non</strong></span> <span class='ocrx_word' id='word_1_5' title='bbox 874 667 1045 764; x_wconf 85' lang='lat' dir='ltr'><strong>repetat,</strong></span> <span class='ocrx_word' id='word_1_6' title='bbox 1067 665 1170 762; x_wconf 66' lang='lat' dir='ltr'><strong>sssaepe</strong></span> <span class='ocrx_word' id='word_1_7' title='bbox 1190 657 1273 738; x_wconf 84' lang='lat' dir='ltr'><strong>sola</strong></span> 
     </span>
     <span class='ocr_line' id='line_1_2' title="bbox 169 791 1274 908; baseline -0.002 -32"><span class='ocrx_word' id='word_1_8' title='bbox 169 901 172 908; x_wconf 90' lang='lat'>.</span> <span class='ocrx_word' id='word_1_9' title='bbox 230 791 378 876; x_wconf 80' lang='lat' dir='ltr'><strong>sufficit</strong></span> <span class='ocrx_word' id='word_1_10' title='bbox 392 793 649 875; x_wconf 84' lang='lat' dir='ltr'><strong>debilitandis</strong></span> <span class='ocrx_word' id='word_1_11' title='bbox 662 792 855 872; x_wconf 86' lang='lat' dir='ltr'><strong>omnibus</strong></span> <span class='ocrx_word' id='word_1_12' title='bbox 868 791 1129 874; x_wconf 86' lang='lat' dir='ltr'><strong>facultatibus</strong></span> <span class='ocrx_word' id='word_1_13' title='bbox 1146 821 1274 899; x_wconf 86' lang='lat' dir='ltr'><strong>quaea</strong></span> 
     </span>
     <span class='ocr_line' id='line_1_3' title="bbox 231 927 1273 1038; baseline -0.004 -24"><span class='ocrx_word' id='word_1_14' title='bbox 231 931 365 1014; x_wconf 82' lang='lat' dir='ltr'><strong>nervia</strong></span> <span class='ocrx_word' id='word_1_15' title='bbox 384 929 572 1038; x_wconf 87' lang='lat' dir='ltr'><strong>pendent.</strong></span> <span class='ocrx_word' id='word_1_16' title='bbox 629 927 848 1028; x_wconf 85' lang='lat' dir='ltr'><strong>Valetudo,</strong></span> <span class='ocrx_word' id='word_1_17' title='bbox 867 951 1073 1034; x_wconf 89' lang='lat' dir='ltr'><strong>quantum</strong></span> <span class='ocrx_word' id='word_1_18' title='bbox 1091 929 1273 1010; x_wconf 70' lang='lat' dir='ltr'><strong>sensibus</strong></span> 
     </span>
     <span class='ocr_line' id='line_1_4' title="bbox 231 1065 1276 1172; baseline -0.004 -22"><span class='ocrx_word' id='word_1_19' title='bbox 231 1065 1276 1172; x_wconf 85' lang='lat' dir='ltr'><strong>nostrismanifestaest,nonsemperrespondetmag·</strong></span> 
     </span>
     <span class='ocr_line' id='line_1_5' title="bbox 231 1201 1277 1314; baseline 0.001 -28"><span class='ocrx_word' id='word_1_20' title='bbox 231 1204 413 1288; x_wconf 84' lang='lat' dir='ltr'><strong>uitudini</strong></span> <span class='ocrx_word' id='word_1_21' title='bbox 427 1203 574 1284; x_wconf 86' lang='lat' dir='ltr'><strong>morbi.</strong></span> <span class='ocrx_word' id='word_1_22' title='bbox 606 1201 694 1314; x_wconf 81' lang='lat' dir='ltr'><strong>Qui</strong></span> <span class='ocrx_word' id='word_1_23' title='bbox 706 1202 831 1302; x_wconf 88' lang='lat' dir='ltr'><strong>enim,</strong></span> <span class='ocrx_word' id='word_1_24' title='bbox 842 1228 938 1283; x_wconf 87' lang='lat' dir='ltr'><strong>cum</strong></span> <span class='ocrx_word' id='word_1_25' title='bbox 949 1201 1131 1306; x_wconf 90' lang='lat' dir='ltr'><strong>primum</strong></span> <span class='ocrx_word' id='word_1_26' title='bbox 1141 1201 1277 1288; x_wconf 85' lang='lat' dir='ltr'><strong>homi·</strong></span> 
     </span>
     <span class='ocr_line' id='line_1_6' title="bbox 232 1337 1277 1438; baseline -0.004 -16"><span class='ocrx_word' id='word_1_27' title='bbox 232 1367 329 1422; x_wconf 86' lang='lat' dir='ltr'><strong>nem</strong></span> <span class='ocrx_word' id='word_1_28' title='bbox 340 1337 520 1438; x_wconf 87' lang='lat' dir='ltr'><strong>invadat,</strong></span> <span class='ocrx_word' id='word_1_29' title='bbox 534 1339 628 1420; x_wconf 88' lang='lat' dir='ltr'><strong>satis</strong></span> <span class='ocrx_word' id='word_1_30' title='bbox 644 1337 857 1419; x_wconf 82' lang='lat' dir='ltr'><strong>mediocris</strong></span> <span class='ocrx_word' id='word_1_31' title='bbox 873 1337 984 1418; x_wconf 81' lang='lat' dir='ltr'><strong>visus</strong></span> <span class='ocrx_word' id='word_1_32' title='bbox 997 1358 1077 1437; x_wconf 88' lang='lat' dir='ltr'><strong>est;</strong></span> <span class='ocrx_word' id='word_1_33' title='bbox 1105 1365 1202 1418; x_wconf 89' lang='lat' dir='ltr'><strong>eum</strong></span> <span class='ocrx_word' id='word_1_34' title='bbox 1213 1338 1277 1418; x_wconf 86' lang='lat' dir='ltr'><strong>in-</strong></span> 
     </span>
     <span class='ocr_line' id='line_1_7' title="bbox 233 1473 1277 1560; baseline -0.001 -1"><span class='ocrx_word' id='word_1_35' title='bbox 233 1477 397 1559; x_wconf 91' lang='lat' dir='ltr'><strong>terdum</strong></span> <span class='ocrx_word' id='word_1_36' title='bbox 412 1495 625 1560; x_wconf 83' lang='lat' dir='ltr'><strong>consecuta</strong></span> <span class='ocrx_word' id='word_1_37' title='bbox 639 1495 872 1556; x_wconf 84' lang='lat' dir='ltr'><strong>estsumma</strong></span> <span class='ocrx_word' id='word_1_38' title='bbox 885 1495 925 1554; x_wconf 88' lang='lat' dir='ltr'><strong>et</strong></span> <span class='ocrx_word' id='word_1_39' title='bbox 940 1473 1173 1556; x_wconf 86' lang='lat' dir='ltr'><strong>insanabilis</strong></span> <span class='ocrx_word' id='word_1_40' title='bbox 1188 1503 1277 1559; x_wconf 89' lang='lat' dir='ltr'><strong>cor·</strong></span> 
     </span>
     <span class='ocr_line' id='line_1_8' title="bbox 235 1607 1277 1723; baseline 0 -29"><span class='ocrx_word' id='word_1_41' title='bbox 235 1615 344 1723; x_wconf 83' lang='lat' dir='ltr'><strong>poris</strong></span> <span class='ocrx_word' id='word_1_42' title='bbox 359 1613 571 1720; x_wconf 90' lang='lat' dir='ltr'><strong>animique</strong></span> <span class='ocrx_word' id='word_1_43' title='bbox 581 1607 808 1692; x_wconf 85' lang='lat' dir='ltr'><strong>infirmitas.</strong></span> <span class='ocrx_word' id='word_1_44' title='bbox 860 1609 1277 1722; x_wconf 77' lang='lat' dir='ltr'><strong>Qualiscunquevero</strong></span> 
     </span>
     <span class='ocr_line' id='line_1_9' title="bbox 235 1745 1305 1855; baseline -0.004 -23"><span class='ocrx_word' id='word_1_45' title='bbox 235 1777 459 1832; x_wconf 85' lang='lat' dir='ltr'><strong>nervorum</strong></span> <span class='ocrx_word' id='word_1_46' title='bbox 470 1747 662 1832; x_wconf 81' lang='lat' dir='ltr'><strong>resolutio</strong></span> <span class='ocrx_word' id='word_1_47' title='bbox 674 1745 1043 1855; x_wconf 86' lang='lat' dir='ltr'><strong>plerumqueinfert</strong></span> <span class='ocrx_word' id='word_1_48' title='bbox 1057 1747 1196 1854; x_wconf 88' lang='lat' dir='ltr'><strong>capitis</strong></span> <span class='ocrx_word' id='word_1_49' title='bbox 1204 1749 1278 1828; x_wconf 65' lang='lat' dir='ltr'><strong>do·v</strong></span> <span class='ocrx_word' id='word_1_50' title='bbox 1300 1788 1305 1794; x_wconf 96' lang='lat'>·</span> 
     </span>
     <span class='ocr_line' id='line_1_10' title="bbox 234 1883 1317 1998; baseline -0.004 -28"><span class='ocrx_word' id='word_1_51' title='bbox 234 1887 352 1988; x_wconf 82' lang='lat' dir='ltr'><strong>lorea,</strong></span> <span class='ocrx_word' id='word_1_52' title='bbox 362 1885 619 1994; x_wconf 83' lang='lat' dir='ltr'><strong>vertiginem,</strong></span> <span class='ocrx_word' id='word_1_53' title='bbox 633 1884 865 1967; x_wconf 80' lang='lat' dir='ltr'><strong>attentionis</strong></span> <span class='ocrx_word' id='word_1_54' title='bbox 880 1883 1177 1990; x_wconf 87' lang='lat' dir='ltr'><strong>impotentiam,</strong></span> <span class='ocrx_word' id='word_1_55' title='bbox 1192 1911 1278 1966; x_wconf 91' lang='lat' dir='ltr'><strong>me·</strong></span> <span class='ocrx_word' id='word_1_56' title='bbox 1311 1985 1317 1998; x_wconf 29' lang='grc' dir='ltr'>Ι</span> 
     </span>
     <span class='ocr_line' id='line_1_11' title="bbox 235 2019 1281 2120; baseline -0.003 -15"><span class='ocrx_word' id='word_1_57' title='bbox 235 2025 412 2105; x_wconf 88' lang='lat' dir='ltr'><strong>moriam</strong></span> <span class='ocrx_word' id='word_1_58' title='bbox 422 2021 716 2118; x_wconf 81' lang='lat' dir='ltr'><strong>labefactatam,</strong></span> <span class='ocrx_word' id='word_1_59' title='bbox 732 2043 961 2120; x_wconf 86' lang='lat' dir='ltr'><strong>veternum,</strong></span> <span class='ocrx_word' id='word_1_60' title='bbox 973 2021 1120 2102; x_wconf 81' lang='lat' dir='ltr'><strong>mentis</strong></span> <span class='ocrx_word' id='word_1_61' title='bbox 1132 2019 1281 2104; x_wconf 82' lang='lat' dir='ltr'><strong>aliena·</strong></span> 
     </span>
     <span class='ocr_line' id='line_1_12' title="bbox 235 2157 1279 2264; baseline -0.002 -22"><span class='ocrx_word' id='word_1_62' title='bbox 235 2159 405 2261; x_wconf 90' lang='lat' dir='ltr'><strong>tionem,</strong></span> <span class='ocrx_word' id='word_1_63' title='bbox 423 2185 565 2242; x_wconf 85' lang='lat' dir='ltr'><strong>vocem</strong></span> <span class='ocrx_word' id='word_1_64' title='bbox 595 2157 905 2264; x_wconf 85' lang='lat' dir='ltr'><strong>inexplanatam,</strong></span> <span class='ocrx_word' id='word_1_65' title='bbox 931 2158 1172 2264; x_wconf 78' lang='lat' dir='ltr'><strong>singultum,</strong></span> <span class='ocrx_word' id='word_1_66' title='bbox 1200 2180 1279 2240; x_wconf 90' lang='lat' dir='ltr'><strong>tre·</strong></span> 
     </span>
     <span class='ocr_line' id='line_1_13' title="bbox 235 2297 1299 2401; baseline 0.001 -20"><span class='ocrx_word' id='word_1_67' title='bbox 235 2326 382 2400; x_wconf 83' lang='lat' dir='ltr'><strong>mores,</strong></span> <span class='ocrx_word' id='word_1_68' title='bbox 402 2298 665 2399; x_wconf 75' lang='lat' dir='ltr'><strong>debilitatem,</strong></span> <span class='ocrx_word' id='word_1_69' title='bbox 678 2297 955 2401; x_wconf 83' lang='lat' dir='ltr'><strong>distentiones,</strong></span> <span class='ocrx_word' id='word_1_70' title='bbox 968 2319 1008 2380; x_wconf 92' lang='lat' dir='ltr'><strong>et</strong></span> <span class='ocrx_word' id='word_1_71' title='bbox 1022 2299 1125 2382; x_wconf 87' lang='lat' dir='ltr'><strong>risus</strong></span> <span class='ocrx_word' id='word_1_72' title='bbox 1140 2297 1299 2382; x_wconf 57' lang='lat' dir='ltr'><strong>fletus-2</strong></span> 
     </span>
     <span class='ocr_line' id='line_1_14' title="bbox 236 2437 1278 2546; baseline -0.004 -26"><span class='ocrx_word' id='word_1_73' title='bbox 236 2465 319 2546; x_wconf 89' lang='lat' dir='ltr'><strong>que</strong></span> <span class='ocrx_word' id='word_1_74' title='bbox 333 2438 419 2518; x_wconf 87' lang='lat' dir='ltr'><strong>sine</strong></span> <span class='ocrx_word' id='word_1_75' title='bbox 432 2437 653 2518; x_wconf 75' lang='lat' dir='ltr'><strong>voluntate.</strong></span> <span class='ocrx_word' id='word_1_76' title='bbox 694 2437 804 2517; x_wconf 87' lang='lat' dir='ltr'><strong>Inter</strong></span> <span class='ocrx_word' id='word_1_77' title='bbox 817 2437 994 2542; x_wconf 90' lang='lat' dir='ltr'><strong>plurima</strong></span> <span class='ocrx_word' id='word_1_78' title='bbox 1009 2459 1145 2518; x_wconf 92' lang='lat' dir='ltr'><strong>autem</strong></span> <span class='ocrx_word' id='word_1_79' title='bbox 1160 2439 1278 2536; x_wconf 87' lang='lat' dir='ltr'><strong>mala,</strong></span> 
     </span>
     <span class='ocr_line' id='line_1_15' title="bbox 238 2565 1278 2691; baseline -0.002 -37"><span class='ocrx_word' id='word_1_80' title='bbox 238 2601 330 2682; x_wconf 85' lang='lat' dir='ltr'><strong>quae</strong></span> <span class='ocrx_word' id='word_1_81' title='bbox 356 2599 492 2654; x_wconf 88' lang='lat' dir='ltr'><strong>secum</strong></span> <span class='ocrx_word' id='word_1_82' title='bbox 510 2571 649 2653; x_wconf 87' lang='lat' dir='ltr'><strong>ferunt</strong></span> <span class='ocrx_word' id='word_1_83' title='bbox 668 2565 832 2654; x_wconf 87' lang='lat' dir='ltr'><strong>affectus</strong></span> <span class='ocrx_word' id='word_1_84' title='bbox 858 2571 1104 2678; x_wconf 89' lang='lat' dir='ltr'><strong>apoplecrici,</strong></span> <span class='ocrx_word' id='word_1_85' title='bbox 1121 2572 1278 2691; x_wconf 79' lang='lat' dir='ltr'><strong>aliquid</strong></span> 
     </span>
     <span class='ocr_line' id='line_1_16' title="bbox 237 2705 1278 2816; baseline 0 -24"><span class='ocrx_word' id='word_1_86' title='bbox 237 2709 333 2792; x_wconf 88' lang='lat' dir='ltr'><strong>inde</strong></span> <span class='ocrx_word' id='word_1_87' title='bbox 345 2709 444 2791; x_wconf 90' lang='lat' dir='ltr'><strong>boni</strong></span> <span class='ocrx_word' id='word_1_88' title='bbox 457 2710 577 2790; x_wconf 86' lang='lat' dir='ltr'><strong>semel</strong></span> <span class='ocrx_word' id='word_1_89' title='bbox 590 2709 726 2790; x_wconf 86' lang='lat' dir='ltr'><strong>visum</strong></span> <span class='ocrx_word' id='word_1_90' title='bbox 737 2731 797 2790; x_wconf 88' lang='lat' dir='ltr'><strong>est</strong></span> <span class='ocrx_word' id='word_1_91' title='bbox 808 2705 923 2790; x_wconf 82' lang='lat' dir='ltr'><strong>oriri:</strong></span> <span class='ocrx_word' id='word_1_92' title='bbox 938 2736 1036 2790; x_wconf 91' lang='lat' dir='ltr'><strong>nam</strong></span> <span class='ocrx_word' id='word_1_93' title='bbox 1047 2709 1278 2816; x_wconf 73' lang='lat' dir='ltr'><strong>epilepticus</strong></span> 
     </span>
     <span class='ocr_line' id='line_1_17' title="bbox 239 2843 1280 2954; baseline 0.001 -28"><span class='ocrx_word' id='word_1_94' title='bbox 239 2845 424 2954; x_wconf 92' lang='lat' dir='ltr'><strong>quidam,</strong></span> <span class='ocrx_word' id='word_1_95' title='bbox 443 2845 638 2926; x_wconf 86' lang='lat' dir='ltr'><strong>attonitus</strong></span> <span class='ocrx_word' id='word_1_96' title='bbox 658 2844 802 2946; x_wconf 83' lang='lat' dir='ltr'><strong>factus,</strong></span> <span class='ocrx_word' id='word_1_97' title='bbox 820 2843 966 2926; x_wconf 89' lang='lat' dir='ltr'><strong>deinde</strong></span> <span class='ocrx_word' id='word_1_98' title='bbox 984 2845 1141 2946; x_wconf 81' lang='lat' dir='ltr'><strong>revixit,</strong></span> <span class='ocrx_word' id='word_1_99' title='bbox 1158 2867 1199 2926; x_wconf 86' lang='lat' dir='ltr'><strong>et</strong></span> <span class='ocrx_word' id='word_1_100' title='bbox 1212 2873 1280 2927; x_wconf 83' lang='lat' dir='ltr'><strong>ve-</strong></span> 
     </span>
    </p>
   </div>
   <div class='ocr_carea' id='block_1_2' title="bbox 239 2983 1409 3088">
    <p class='ocr_par' dir='ltr' id='par_1_2' title="bbox 239 2983 1409 3088">
     <span class='ocr_line' id='line_1_18' title="bbox 239 2983 1409 3088; baseline -0.002 -22"><span class='ocrx_word' id='word_1_101' title='bbox 239 3005 366 3066; x_wconf 88' lang='lat' dir='ltr'><strong>terem</strong></span> <span class='ocrx_word' id='word_1_102' title='bbox 379 3009 504 3062; x_wconf 87' lang='lat' dir='ltr'><strong>suum</strong></span> <span class='ocrx_word' id='word_1_103' title='bbox 514 2983 710 3062; x_wconf 90' lang='lat' dir='ltr'><strong>morbum</strong></span> <span class='ocrx_word' id='word_1_104' title='bbox 722 2995 938 3088; x_wconf 87' lang='lat' dir='ltr'><strong>nunquam</strong></span> <span class='ocrx_word' id='word_1_105' title='bbox 950 3003 1086 3087; x_wconf 86' lang='lat' dir='ltr'><strong>postea</strong></span> <span class='ocrx_word' id='word_1_106' title='bbox 1095 3003 1279 3086; x_wconf 84' lang='lat' dir='ltr'><strong>expertus</strong></span> <span class='ocrx_word' id='word_1_107' title='bbox 1403 3055 1409 3064; x_wconf 91' lang='lat'>.</span> 
     </span>
    </p>
   </div>
   <div class='ocr_carea' id='block_1_3' title="bbox 236 3115 1281 3508">
    <p class='ocr_par' dir='ltr' id='par_1_3' title="bbox 236 3115 1281 3508">
     <span class='ocr_line' id='line_1_19' title="bbox 238 3115 1281 3224; baseline -0.003 -23"><span class='ocrx_word' id='word_1_108' title='bbox 238 3141 308 3201; x_wconf 84' lang='lat' dir='ltr'><strong>eat.</strong></span> <span class='ocrx_word' id='word_1_109' title='bbox 367 3119 531 3218; x_wconf 87' lang='lat' dir='ltr'><strong>Contra,</strong></span> <span class='ocrx_word' id='word_1_110' title='bbox 559 3117 645 3198; x_wconf 83' lang='lat' dir='ltr'><strong>aliis</strong></span> <span class='ocrx_word' id='word_1_111' title='bbox 671 3117 856 3224; x_wconf 87' lang='lat' dir='ltr'><strong>contigit,</strong></span> <span class='ocrx_word' id='word_1_112' title='bbox 884 3139 932 3198; x_wconf 92' lang='lat' dir='ltr'><strong>ut</strong></span> <span class='ocrx_word' id='word_1_113' title='bbox 963 3145 1011 3198; x_wconf 82' lang='lat' dir='ltr'><strong>ex</strong></span> <span class='ocrx_word' id='word_1_114' title='bbox 1038 3115 1281 3224; x_wconf 83' lang='lat' dir='ltr'><strong>hemiplegia</strong></span> 
     </span>
     <span class='ocr_line' id='line_1_20' title="bbox 240 3252 1280 3362; baseline -0.006 -24"><span class='ocrx_word' id='word_1_115' title='bbox 240 3275 504 3362; x_wconf 70' lang='lat' dir='ltr'><strong>assurgentes,</strong></span> <span class='ocrx_word' id='word_1_116' title='bbox 524 3273 625 3336; x_wconf 81' lang='lat' dir='ltr'><strong>tum</strong></span> <span class='ocrx_word' id='word_1_117' title='bbox 643 3253 828 3361; x_wconf 91' lang='lat' dir='ltr'><strong>primum</strong></span> <span class='ocrx_word' id='word_1_118' title='bbox 855 3253 1054 3360; x_wconf 88' lang='lat' dir='ltr'><strong>coeperint</strong></span> <span class='ocrx_word' id='word_1_119' title='bbox 1082 3279 1179 3334; x_wconf 91' lang='lat' dir='ltr'><strong>cum</strong></span> <span class='ocrx_word' id='word_1_120' title='bbox 1196 3252 1280 3360; x_wconf 89' lang='lat' dir='ltr'><strong>epi-</strong></span> 
     </span>
     <span class='ocr_line' id='line_1_21' title="bbox 236 3387 1281 3508; baseline -0.006 -34"><span class='ocrx_word' id='word_1_121' title='bbox 236 3391 362 3499; x_wconf 84' lang='lat' dir='ltr'><strong>lepsia</strong></span> <span class='ocrx_word' id='word_1_122' title='bbox 398 3387 632 3472; x_wconf 89' lang='lat' dir='ltr'><strong>conflictari.</strong></span> <span class='ocrx_word' id='word_1_123' title='bbox 684 3392 759 3508; x_wconf 73' lang='lat' dir='ltr'><strong>&#39;ln</strong></span> <span class='ocrx_word' id='word_1_124' title='bbox 803 3417 930 3496; x_wconf 90' lang='lat' dir='ltr'><strong>puero</strong></span> <span class='ocrx_word' id='word_1_125' title='bbox 967 3389 1090 3471; x_wconf 89' lang='lat' dir='ltr'><strong>etiam</strong></span> <span class='ocrx_word' id='word_1_126' title='bbox 1133 3388 1281 3470; x_wconf 88' lang='lat' dir='ltr'><strong>chorea</strong></span> 
     </span>
    </p>
   </div>
   <div class='ocr_carea' id='block_1_4' title="bbox 238 3526 1407 3634">
    <p class='ocr_par' dir='ltr' id='par_1_4' title="bbox 238 3526 1407 3634">
     <span class='ocr_line' id='line_1_22' title="bbox 238 3526 1407 3634; baseline -0.004 -24"><span class='ocrx_word' id='word_1_127' title='bbox 238 3527 375 3610; x_wconf 86' lang='lat' dir='ltr'><strong>Sancti</strong></span> <span class='ocrx_word' id='word_1_128' title='bbox 388 3527 478 3608; x_wconf 91' lang='lat' dir='ltr'><strong>Viti</strong></span> <span class='ocrx_word' id='word_1_129' title='bbox 490 3527 579 3609; x_wconf 79' lang='lat' dir='ltr'><strong>ors&#39;a</strong></span> <span class='ocrx_word' id='word_1_130' title='bbox 589 3549 706 3609; x_wconf 84' lang='lat' dir='ltr'><strong>estex</strong></span> <span class='ocrx_word' id='word_1_131' title='bbox 716 3527 968 3634; x_wconf 79' lang='lat' dir='ltr'><strong>hemiplegia</strong></span> <span class='ocrx_word' id='word_1_132' title='bbox 988 3526 1136 3608; x_wconf 88' lang='lat' dir='ltr'><strong>Virum</strong></span> <span class='ocrx_word' id='word_1_133' title='bbox 1151 3552 1280 3632; x_wconf 51' lang='lat' dir='ltr'><strong>quens·</strong></span> <span class='ocrx_word' id='word_1_134' title='bbox 1405 3613 1407 3618; x_wconf 67' lang='lat'><strong>,</strong></span> 
     </span>
    </p>
   </div>
   <div class='ocr_carea' id='block_1_5' title="bbox 240 3663 1287 4324">
    <p class='ocr_par' dir='ltr' id='par_1_5' title="bbox 240 3663 1287 4324">
     <span class='ocr_line' id='line_1_23' title="bbox 240 3663 1281 3772; baseline -0.003 -25"><span class='ocrx_word' id='word_1_135' title='bbox 240 3665 355 3766; x_wconf 88' lang='lat' dir='ltr'><strong>dam,-</strong></span> <span class='ocrx_word' id='word_1_136' title='bbox 381 3663 498 3772; x_wconf 84' lang='lat' dir='ltr'><strong>cujus</strong></span> <span class='ocrx_word' id='word_1_137' title='bbox 528 3663 667 3746; x_wconf 86' lang='lat' dir='ltr'><strong>dextra</strong></span> <span class='ocrx_word' id='word_1_138' title='bbox 696 3691 842 3744; x_wconf 85' lang='lat' dir='ltr'><strong>manus</strong></span> <span class='ocrx_word' id='word_1_139' title='bbox 871 3663 1025 3745; x_wconf 89' lang='lat' dir='ltr'><strong>diutius</strong></span> <span class='ocrx_word' id='word_1_140' title='bbox 1044 3685 1213 3746; x_wconf 88' lang='lat' dir='ltr'><strong>tremere</strong></span> <span class='ocrx_word' id='word_1_141' title='bbox 1240 3682 1281 3744; x_wconf 87' lang='lat' dir='ltr'><strong>et</strong></span> 
     </span>
     <span class='ocr_line' id='line_1_24' title="bbox 241 3797 1282 3910; baseline -0.002 -28"><span class='ocrx_word' id='word_1_142' title='bbox 241 3803 422 3910; x_wconf 84' lang='lat' dir='ltr'><strong>quassari</strong></span> <span class='ocrx_word' id='word_1_143' title='bbox 440 3800 556 3882; x_wconf 82' lang='lat' dir='ltr'><strong>solita</strong></span> <span class='ocrx_word' id='word_1_144' title='bbox 574 3799 719 3901; x_wconf 89' lang='lat' dir='ltr'><strong>fuerat,</strong></span> <span class='ocrx_word' id='word_1_145' title='bbox 738 3801 952 3908; x_wconf 86' lang='lat' dir='ltr'><strong>occupavit</strong></span> <span class='ocrx_word' id='word_1_146' title='bbox 970 3798 1211 3906; x_wconf 87' lang='lat' dir='ltr'><strong>hemiplegia</strong></span> <span class='ocrx_word' id='word_1_147' title='bbox 1229 3797 1282 3880; x_wconf 86' lang='lat' dir='ltr'><strong>si·</strong></span> 
     </span>
     <span class='ocr_line' id='line_1_25' title="bbox 240 3935 1282 4054; baseline -0.008 -32"><span class='ocrx_word' id='word_1_148' title='bbox 240 3939 388 4040; x_wconf 78' lang='lat' dir='ltr'><strong>niatra3</strong></span> <span class='ocrx_word' id='word_1_149' title='bbox 416 3960 457 4022; x_wconf 92' lang='lat' dir='ltr'><strong>et</strong></span> <span class='ocrx_word' id='word_1_150' title='bbox 470 3939 656 4046; x_wconf 88' lang='lat' dir='ltr'><strong>protinus</strong></span> <span class='ocrx_word' id='word_1_151' title='bbox 676 3937 796 4018; x_wconf 87' lang='lat' dir='ltr'><strong>rediit</strong></span> <span class='ocrx_word' id='word_1_152' title='bbox 813 3935 1172 4054; x_wconf 84' lang='lat' dir='ltr'><strong>roburetfirmitas</strong></span> <span class='ocrx_word' id='word_1_153' title='bbox 1187 3935 1282 4016; x_wconf 86' lang='lat' dir='ltr'><strong>dex-</strong></span> 
     </span>
     <span class='ocr_line' id='line_1_26' title="bbox 240 4075 1287 4180; baseline -0.005 -20"><span class='ocrx_word' id='word_1_154' title='bbox 240 4099 326 4177; x_wconf 84' lang='lat' dir='ltr'><strong>trae,</strong></span> <span class='ocrx_word' id='word_1_155' title='bbox 353 4077 453 4158; x_wconf 91' lang='lat' dir='ltr'><strong>adeo</strong></span> <span class='ocrx_word' id='word_1_156' title='bbox 477 4097 526 4158; x_wconf 91' lang='lat' dir='ltr'><strong>ut</strong></span> <span class='ocrx_word' id='word_1_157' title='bbox 543 4077 694 4158; x_wconf 86' lang='lat' dir='ltr'><strong>iterum</strong></span> <span class='ocrx_word' id='word_1_158' title='bbox 727 4077 859 4157; x_wconf 85' lang='lat' dir='ltr'><strong>literas</strong></span> <span class='ocrx_word' id='word_1_159' title='bbox 889 4075 992 4156; x_wconf 92' lang='lat' dir='ltr'><strong>belle</strong></span> <span class='ocrx_word' id='word_1_160' title='bbox 1016 4097 1056 4156; x_wconf 90' lang='lat' dir='ltr'><strong>et</strong></span> <span class='ocrx_word' id='word_1_161' title='bbox 1083 4075 1287 4180; x_wconf 84' lang='lat' dir='ltr'><strong>eleganter·</strong></span> 
     </span>
     <span class='ocr_line' id='line_1_27' title="bbox 241 4209 1253 4324; baseline -0.009 -25"><span class='ocrx_word' id='word_1_162' title='bbox 241 4213 464 4298; x_wconf 75' lang='lat' dir='ltr'><strong>describere</strong></span> <span class='ocrx_word' id='word_1_163' title='bbox 478 4215 639 4314; x_wconf 88' lang='lat' dir='ltr'><strong>valeret,</strong></span> <span class='ocrx_word' id='word_1_164' title='bbox 658 4213 740 4320; x_wconf 87' lang='lat' dir='ltr'><strong>qua</strong></span> <span class='ocrx_word' id='word_1_165' title='bbox 757 4211 876 4324; x_wconf 87' lang='lat' dir='ltr'><strong>laude</strong></span> <span class='ocrx_word' id='word_1_166' title='bbox 890 4211 990 4292; x_wconf 91' lang='lat' dir='ltr'><strong>olim</strong></span> <span class='ocrx_word' id='word_1_167' title='bbox 1007 4209 1253 4294; x_wconf 84' lang='lat' dir='ltr'><strong>excelluerat.</strong></span> 
     </span>
    </p>
   </div>
   <div class='ocr_carea' id='block_1_6' title="bbox 297 4347 1284 4463">
    <p class='ocr_par' dir='ltr' id='par_1_6' title="bbox 297 4347 1284 4463">
     <span class='ocr_line' id='line_1_28' title="bbox 297 4347 1284 4463; baseline -0.007 -28"><span class='ocrx_word' id='word_1_168' title='bbox 297 4353 453 4463; x_wconf 80' lang='lat' dir='ltr'><strong>Incerta</strong></span> <span class='ocrx_word' id='word_1_169' title='bbox 471 4377 710 4460; x_wconf 75' lang='lat' dir='ltr'><strong>procrustes</strong></span> <span class='ocrx_word' id='word_1_170' title='bbox 730 4371 802 4454; x_wconf 86' lang='lat' dir='ltr'><strong>est,</strong></span> <span class='ocrx_word' id='word_1_171' title='bbox 820 4347 1006 4460; x_wconf 87' lang='lat' dir='ltr'><strong>ubiquis</strong></span> <span class='ocrx_word' id='word_1_172' title='bbox 1026 4347 1198 4457; x_wconf 85' lang='lat' dir='ltr'><strong>paralysi</strong></span> <span class='ocrx_word' id='word_1_173' title='bbox 1212 4367 1284 4440; x_wconf 83' lang='lat' dir='ltr'><strong>aut</strong></span> 
     </span>
    </p>
   </div>
   <div class='ocr_carea' id='block_1_7' title="bbox 0 0 1571 5084">
    <p class='ocr_par' dir='ltr' id='par_1_7' title="bbox 0 0 1571 5084">
     <span class='ocr_line' id='line_1_29' title="bbox 0 0 1571 5084; baseline 0 0"><span class='ocrx_word' id='word_1_174' title='bbox 0 0 1571 5084; x_wconf 95' lang='lat' dir='ltr'><strong> </strong></span> 
     </span>
    </p>
   </div>
  </div>
 </body>
</html>
