<?xml version="1.0" encoding="UTF-8"?>
<!DOCTYPE html PUBLIC "-//W3C//DTD XHTML 1.0 Transitional//EN"
    "http://www.w3.org/TR/xhtml1/DTD/xhtml1-transitional.dtd">
<html xmlns="http://www.w3.org/1999/xhtml" xml:lang="en" lang="en">
 <head>
  <title>
</title>
<meta http-equiv="Content-Type" content="text/html;charset=utf-8" />
  <meta name='ocr-system' content='tesseract 3.04.00' />
  <meta name='ocr-capabilities' content='ocr_page ocr_carea ocr_par ocr_line ocrx_word'/>
</head>
<body>
  <div class='ocr_page' id='page_1' title='image "./commentariidemo00hebegoog_0395.png"; bbox 0 0 3050 5084; ppageno 0'>
   <div class='ocr_carea' id='block_1_1' title="bbox 257 595 1329 1939">
    <p class='ocr_par' dir='ltr' id='par_1_1' title="bbox 259 595 1303 847">
     <span class='ocr_line' id='line_1_1' title="bbox 263 595 1303 712; baseline 0.008 -32"><span class='ocrx_word' id='word_1_1' title='bbox 263 597 377 708; x_wconf 86' lang='lat' dir='ltr'><strong>gioni</strong></span> <span class='ocrx_word' id='word_1_2' title='bbox 396 599 543 706; x_wconf 83' lang='lat' dir='ltr'><strong>objecti</strong></span> <span class='ocrx_word' id='word_1_3' title='bbox 561 595 728 702; x_wconf 86' lang='lat' dir='ltr'><strong>fuerint,</strong></span> <span class='ocrx_word' id='word_1_4' title='bbox 746 599 929 685; x_wconf 87' lang='lat' dir='ltr'><strong>multum</strong></span> <span class='ocrx_word' id='word_1_5' title='bbox 947 599 1106 684; x_wconf 76' lang='lat' dir='ltr'><strong>diverso</strong></span> <span class='ocrx_word' id='word_1_6' title='bbox 1124 623 1303 712; x_wconf 82' lang='lat' dir='ltr'><strong>tempore</strong></span> 
     </span>
     <span class='ocr_line' id='line_1_2' title="bbox 259 735 677 847; baseline -0.007 -28"><span class='ocrx_word' id='word_1_7' title='bbox 259 735 455 847; x_wconf 70' lang='lat' dir='ltr'><strong>incipiant</strong></span> <span class='ocrx_word' id='word_1_8' title='bbox 474 758 677 842; x_wconf 83' lang='lat' dir='ltr'><strong>aegrotare.</strong></span> 
     </span>
    </p>

    <p class='ocr_par' dir='ltr' id='par_1_2' title="bbox 257 871 1329 1646">
     <span class='ocr_line' id='line_1_3' title="bbox 313 871 1329 986; baseline 0.001 -33"><span class='ocrx_word' id='word_1_9' title='bbox 313 873 510 954; x_wconf 87' lang='lat' dir='ltr'><strong>Dolorem</strong></span> <span class='ocrx_word' id='word_1_10' title='bbox 529 871 773 986; x_wconf 86' lang='lat' dir='ltr'><strong>lumborum</strong></span> <span class='ocrx_word' id='word_1_11' title='bbox 790 895 957 958; x_wconf 84' lang='lat' dir='ltr'><strong>acutum</strong></span> <span class='ocrx_word' id='word_1_12' title='bbox 972 901 1129 981; x_wconf 79' lang='lat' dir='ltr'><strong>semper</strong></span> <span class='ocrx_word' id='word_1_13' title='bbox 1142 875 1233 958; x_wconf 30' lang='lat' dir='ltr'><strong>fere*</strong></span> <span class='ocrx_word' id='word_1_14' title='bbox 1245 905 1302 958; x_wconf 83' lang='lat' dir='ltr'><strong>se-</strong></span> <span class='ocrx_word' id='word_1_15' title='bbox 1321 945 1329 954; x_wconf 90' lang='lat'>.</span> 
     </span>
     <span class='ocr_line' id='line_1_4' title="bbox 259 1008 1302 1120; baseline 0.006 -32"><span class='ocrx_word' id='word_1_16' title='bbox 259 1030 448 1116; x_wconf 88' lang='lat' dir='ltr'><strong>quuntur</strong></span> <span class='ocrx_word' id='word_1_17' title='bbox 471 1008 702 1114; x_wconf 83' lang='lat' dir='ltr'><strong>periculosae</strong></span> <span class='ocrx_word' id='word_1_18' title='bbox 723 1009 908 1110; x_wconf 79' lang='lat' dir='ltr'><strong>variolae3</strong></span> <span class='ocrx_word' id='word_1_19' title='bbox 935 1031 1080 1120; x_wconf 79' lang='lat' dir='ltr'><strong>atquo</strong></span> <span class='ocrx_word' id='word_1_20' title='bbox 1102 1011 1219 1118; x_wconf 88' lang='lat' dir='ltr'><strong>pejor</strong></span> <span class='ocrx_word' id='word_1_21' title='bbox 1236 1013 1302 1094; x_wconf 84' lang='lat' dir='ltr'><strong>fu·</strong></span> 
     </span>
     <span class='ocr_line' id='line_1_5' title="bbox 257 1145 1299 1255; baseline 0.003 -27"><span class='ocrx_word' id='word_1_22' title='bbox 257 1146 333 1228; x_wconf 80' lang='lat' dir='ltr'><strong>erit</strong></span> <span class='ocrx_word' id='word_1_23' title='bbox 348 1145 478 1244; x_wconf 87' lang='lat' dir='ltr'><strong>dolor,</strong></span> <span class='ocrx_word' id='word_1_24' title='bbox 506 1173 554 1226; x_wconf 85' lang='lat' dir='ltr'><strong>eo</strong></span> <span class='ocrx_word' id='word_1_25' title='bbox 573 1147 743 1226; x_wconf 82' lang='lat' dir='ltr'><strong>morbus</strong></span> <span class='ocrx_word' id='word_1_26' title='bbox 765 1173 931 1255; x_wconf 87' lang='lat' dir='ltr'><strong>quoque</strong></span> <span class='ocrx_word' id='word_1_27' title='bbox 953 1147 1213 1254; x_wconf 83' lang='lat' dir='ltr'>periculosior</span> <span class='ocrx_word' id='word_1_28' title='bbox 1231 1172 1299 1232; x_wconf 74' lang='lat' dir='ltr'><strong>esu</strong></span> 
     </span>
     <span class='ocr_line' id='line_1_6' title="bbox 257 1262 1301 1390; baseline 0.002 -28"><span class='ocrx_word' id='word_1_29' title='bbox 257 1282 398 1365; x_wconf 86' lang='lat' dir='ltr'><strong>Multo</strong></span> <span class='ocrx_word' id='word_1_30' title='bbox 415 1281 541 1362; x_wconf 90' lang='lat' dir='ltr'><strong>tutior</strong></span> <span class='ocrx_word' id='word_1_31' title='bbox 569 1303 629 1362; x_wconf 86' lang='lat' dir='ltr'><strong>est</strong></span> <span class='ocrx_word' id='word_1_32' title='bbox 648 1281 765 1362; x_wconf 90' lang='lat' dir='ltr'><strong>dolor</strong></span> <span class='ocrx_word' id='word_1_33' title='bbox 792 1283 897 1364; x_wconf 87' lang='lat' dir='ltr'><strong>inter</strong></span> <span class='ocrx_word' id='word_1_34' title='bbox 921 1271 1123 1390; x_wconf 82' lang='lat' dir='ltr'><strong>scapulas:</strong></span> <span class='ocrx_word' id='word_1_35' title='bbox 1152 1262 1301 1366; x_wconf 86' lang='lat' dir='ltr'><strong>tutissi-</strong></span> 
     </span>
     <span class='ocr_line' id='line_1_7' title="bbox 258 1419 1302 1528; baseline 0 -24"><span class='ocrx_word' id='word_1_36' title='bbox 258 1447 377 1504; x_wconf 88' lang='lat' dir='ltr'><strong>mum</strong></span> <span class='ocrx_word' id='word_1_37' title='bbox 397 1446 506 1519; x_wconf 86' lang='lat' dir='ltr'><strong>vero,</strong></span> <span class='ocrx_word' id='word_1_38' title='bbox 520 1419 596 1500; x_wconf 92' lang='lat' dir='ltr'><strong>ubi</strong></span> <span class='ocrx_word' id='word_1_39' title='bbox 611 1420 750 1500; x_wconf 85' lang='lat' dir='ltr'><strong>nullus</strong></span> <span class='ocrx_word' id='word_1_40' title='bbox 764 1447 835 1528; x_wconf 85' lang='lat' dir='ltr'><strong>per</strong></span> <span class='ocrx_word' id='word_1_41' title='bbox 853 1441 988 1502; x_wconf 91' lang='lat' dir='ltr'><strong>totum</strong></span> <span class='ocrx_word' id='word_1_42' title='bbox 1000 1421 1169 1502; x_wconf 84' lang='lat' dir='ltr'><strong>dorsum</strong></span> <span class='ocrx_word' id='word_1_43' title='bbox 1187 1421 1302 1506; x_wconf 81' lang='lat' dir='ltr'><strong>dolor</strong></span> 
     </span>
     <span class='ocr_line' id='line_1_8' title="bbox 261 1545 471 1646; baseline 0.01 -8"><span class='ocrx_word' id='word_1_44' title='bbox 261 1545 444 1646; x_wconf 70' lang='lat' dir='ltr'><strong>sentitur.</strong></span> <span class='ocrx_word' id='word_1_45' title='bbox 465 1629 471 1640; x_wconf 81' lang='grc'><em>.</em></span> 
     </span>
    </p>

    <p class='ocr_par' dir='ltr' id='par_1_3' title="bbox 259 1689 1303 1939">
     <span class='ocr_line' id='line_1_9' title="bbox 312 1689 1303 1801; baseline 0.001 -26"><span class='ocrx_word' id='word_1_46' title='bbox 312 1689 507 1775; x_wconf 82' lang='lat' dir='ltr'><strong>Vomitus</strong></span> <span class='ocrx_word' id='word_1_47' title='bbox 529 1691 808 1775; x_wconf 86' lang='lat' dir='ltr'><strong>vehementior</strong></span> <span class='ocrx_word' id='word_1_48' title='bbox 837 1693 993 1801; x_wconf 88' lang='lat' dir='ltr'><strong>abipsa</strong></span> <span class='ocrx_word' id='word_1_49' title='bbox 1021 1693 1157 1775; x_wconf 89' lang='lat' dir='ltr'><strong>morbi</strong></span> <span class='ocrx_word' id='word_1_50' title='bbox 1175 1721 1303 1776; x_wconf 84' lang='lat' dir='ltr'><strong>acces·</strong></span> 
     </span>
     <span class='ocr_line' id='line_1_10' title="bbox 259 1829 1301 1939; baseline -0.002 -25"><span class='ocrx_word' id='word_1_51' title='bbox 259 1829 370 1914; x_wconf 84' lang='lat' dir='ltr'><strong>sione</strong></span> <span class='ocrx_word' id='word_1_52' title='bbox 383 1859 520 1938; x_wconf 79' lang='lat' dir='ltr'><strong>,usque</strong></span> <span class='ocrx_word' id='word_1_53' title='bbox 547 1831 597 1914; x_wconf 81' lang='lat' dir='ltr'><strong>ad</strong></span> <span class='ocrx_word' id='word_1_54' title='bbox 616 1833 772 1912; x_wconf 83' lang='lat' dir='ltr'><strong>exitum</strong></span> <span class='ocrx_word' id='word_1_55' title='bbox 790 1833 1062 1939; x_wconf 78' lang='lat' dir='ltr'><strong>pustularum,</strong></span> <span class='ocrx_word' id='word_1_56' title='bbox 1088 1832 1301 1939; x_wconf 88' lang='lat' dir='ltr'><strong>haudqua-</strong></span> 
     </span>
    </p>
   </div>
   <div class='ocr_carea' id='block_1_2' title="bbox 258 1967 1301 2212">
    <p class='ocr_par' dir='ltr' id='par_1_4' title="bbox 258 1967 1301 2212">
     <span class='ocr_line' id='line_1_11' title="bbox 260 1967 1301 2074; baseline 0.001 -27"><span class='ocrx_word' id='word_1_57' title='bbox 260 1995 388 2072; x_wconf 86' lang='lat' dir='ltr'><strong>quam</strong></span> <span class='ocrx_word' id='word_1_58' title='bbox 406 1969 652 2074; x_wconf 83' lang='lat' dir='ltr'><strong>praenuntiat</strong></span> <span class='ocrx_word' id='word_1_59' title='bbox 671 1968 788 2050; x_wconf 89' lang='lat' dir='ltr'><strong>mites</strong></span> <span class='ocrx_word' id='word_1_60' title='bbox 804 1968 971 2048; x_wconf 87' lang='lat' dir='ltr'><strong>variolas</strong></span> <span class='ocrx_word' id='word_1_61' title='bbox 982 2000 994 2048; x_wconf 41' lang='lat' dir='ltr'><strong>x:</strong></span> <span class='ocrx_word' id='word_1_62' title='bbox 1025 1968 1139 2074; x_wconf 93' lang='lat' dir='ltr'><strong>quod</strong></span> <span class='ocrx_word' id='word_1_63' title='bbox 1155 1967 1188 2050; x_wconf 92' lang='lat' dir='ltr'><strong>si</strong></span> <span class='ocrx_word' id='word_1_64' title='bbox 1205 1995 1301 2074; x_wconf 89' lang='lat' dir='ltr'><strong>pus·</strong></span> 
     </span>
     <span class='ocr_line' id='line_1_12' title="bbox 258 2103 1301 2212; baseline -0.002 -26"><span class='ocrx_word' id='word_1_65' title='bbox 258 2103 356 2186; x_wconf 89' lang='lat' dir='ltr'><strong>tulis</strong></span> <span class='ocrx_word' id='word_1_66' title='bbox 374 2103 567 2185; x_wconf 89' lang='lat' dir='ltr'><strong>omnibus</strong></span> <span class='ocrx_word' id='word_1_67' title='bbox 586 2105 711 2186; x_wconf 80' lang='lat' dir='ltr'><strong>enatis</strong></span> <span class='ocrx_word' id='word_1_68' title='bbox 730 2105 911 2186; x_wconf 80' lang='lat' dir='ltr'><strong>¹uomitus</strong></span> <span class='ocrx_word' id='word_1_69' title='bbox 930 2125 1163 2212; x_wconf 81' lang='lat' dir='ltr'><strong>perseveret,</strong></span> <span class='ocrx_word' id='word_1_70' title='bbox 1181 2129 1301 2184; x_wconf 79' lang='lat' dir='ltr'><strong>even·</strong></span> 
     </span>
    </p>
   </div>
   <div class='ocr_carea' id='block_1_3' title="bbox 258 2241 1432 2349">
    <p class='ocr_par' dir='ltr' id='par_1_5' title="bbox 258 2241 1432 2349">
     <span class='ocr_line' id='line_1_13' title="bbox 258 2241 1432 2349; baseline -0.001 -27"><span class='ocrx_word' id='word_1_71' title='bbox 258 2263 326 2330; x_wconf 85' lang='lat' dir='ltr'><strong>tus</strong></span> <span class='ocrx_word' id='word_1_72' title='bbox 345 2241 481 2324; x_wconf 86' lang='lat' dir='ltr'><strong>morbi</strong></span> <span class='ocrx_word' id='word_1_73' title='bbox 500 2269 643 2348; x_wconf 85' lang='lat' dir='ltr'>anceps</span> <span class='ocrx_word' id='word_1_74' title='bbox 663 2243 751 2341; x_wconf 88' lang='lat' dir='ltr'><strong>erit,</strong></span> <span class='ocrx_word' id='word_1_75' title='bbox 777 2269 1016 2349; x_wconf 85' lang='lat' dir='ltr'><strong>quanquam</strong></span> <span class='ocrx_word' id='word_1_76' title='bbox 1035 2241 1194 2321; x_wconf 76' lang='lat' dir='ltr'><strong>variola</strong></span> <span class='ocrx_word' id='word_1_77' title='bbox 1214 2267 1300 2321; x_wconf 88' lang='lat' dir='ltr'><strong>nou</strong></span> <span class='ocrx_word' id='word_1_78' title='bbox 1427 2272 1432 2291; x_wconf 80' lang='lat'><em>·</em></span> 
     </span>
    </p>
   </div>
   <div class='ocr_carea' id='block_1_4' title="bbox 173 2375 1314 4414">
    <p class='ocr_par' dir='ltr' id='par_1_6' title="bbox 258 2375 1300 2622">
     <span class='ocr_line' id='line_1_14' title="bbox 258 2375 1300 2485; baseline -0.006 -21"><span class='ocrx_word' id='word_1_79' title='bbox 258 2377 413 2464; x_wconf 84' lang='lat' dir='ltr'><strong>fuerint</strong></span> <span class='ocrx_word' id='word_1_80' title='bbox 431 2375 704 2480; x_wconf 61' lang='lat' dir='ltr'><strong>confluentem</strong></span> <span class='ocrx_word' id='word_1_81' title='bbox 734 2377 848 2485; x_wconf 91' lang='lat' dir='ltr'><strong>quod</strong></span> <span class='ocrx_word' id='word_1_82' title='bbox 865 2379 910 2460; x_wconf 90' lang='lat' dir='ltr'><strong>in</strong></span> <span class='ocrx_word' id='word_1_83' title='bbox 928 2378 1018 2485; x_wconf 86' lang='lat' dir='ltr'><strong>plus</strong></span> <span class='ocrx_word' id='word_1_84' title='bbox 1043 2403 1130 2459; x_wconf 89' lang='lat' dir='ltr'><strong>uno</strong></span> <span class='ocrx_word' id='word_1_85' title='bbox 1149 2399 1300 2484; x_wconf 74' lang='lat' dir='ltr'><strong>agroto</strong></span> 
     </span>
     <span class='ocr_line' id='line_1_15' title="bbox 260 2533 1165 2622; baseline -0.002 -26"><span class='ocrx_word' id='word_1_86' title='bbox 260 2537 446 2622; x_wconf 82' lang='lat' dir='ltr'><strong>expertus</strong></span> <span class='ocrx_word' id='word_1_87' title='bbox 466 2542 571 2598; x_wconf 85' lang='lat' dir='ltr'><strong>sum.</strong></span> <span class='ocrx_word' id='word_1_88' title='bbox 593 2589 595 2596; x_wconf 83' lang='grc'><strong>,</strong></span> <span class='ocrx_word' id='word_1_89' title='bbox 1162 2533 1165 2540; x_wconf 85' lang='grc'><em>·</em></span> 
     </span>
    </p>

    <p class='ocr_par' dir='ltr' id='par_1_7' title="bbox 248 2625 1314 3168">
     <span class='ocr_line' id='line_1_16' title="bbox 316 2625 1300 2758; baseline 0 -26"><span class='ocrx_word' id='word_1_90' title='bbox 316 2653 548 2732; x_wconf 84' lang='lat' dir='ltr'><strong>Nervorum</strong></span> <span class='ocrx_word' id='word_1_91' title='bbox 567 2649 840 2751; x_wconf 79' lang='lat' dir='ltr'><strong>distentiones,</strong></span> <span class='ocrx_word' id='word_1_92' title='bbox 854 2625 957 2732; x_wconf 85' lang='lat' dir='ltr'><strong>dum</strong></span> <span class='ocrx_word' id='word_1_93' title='bbox 972 2650 1143 2758; x_wconf 74' lang='lat' dir='ltr'><strong>pustula</strong></span> <span class='ocrx_word' id='word_1_94' title='bbox 1158 2671 1300 2758; x_wconf 87' lang='lat' dir='ltr'><strong>parant</strong></span> 
     </span>
     <span class='ocr_line' id='line_1_17' title="bbox 261 2783 1300 2886; baseline -0.002 -18"><span class='ocrx_word' id='word_1_95' title='bbox 261 2783 380 2886; x_wconf 78' lang='lat' dir='ltr'><strong>exire,</strong></span> <span class='ocrx_word' id='word_1_96' title='bbox 398 2813 483 2868; x_wconf 88' lang='lat' dir='ltr'><strong>non</strong></span> <span class='ocrx_word' id='word_1_97' title='bbox 502 2813 592 2868; x_wconf 89' lang='lat' dir='ltr'><strong>raro</strong></span> <span class='ocrx_word' id='word_1_98' title='bbox 611 2787 854 2869; x_wconf 85' lang='lat' dir='ltr'><strong>antecedunt</strong></span> <span class='ocrx_word' id='word_1_99' title='bbox 879 2785 1111 2869; x_wconf 88' lang='lat' dir='ltr'><strong>mitissimas</strong></span> <span class='ocrx_word' id='word_1_100' title='bbox 1131 2785 1300 2868; x_wconf 83' lang='lat' dir='ltr'><strong>variolaa</strong></span> 
     </span>
     <span class='ocr_line' id='line_1_18' title="bbox 248 2923 1314 3030; baseline 0.002 -28"><span class='ocrx_word' id='word_1_101' title='bbox 248 2925 305 3007; x_wconf 80' lang='lat' dir='ltr'><strong>¹in</strong></span> <span class='ocrx_word' id='word_1_102' title='bbox 325 2923 472 3030; x_wconf 87' lang='lat' dir='ltr'><strong>pueris,</strong></span> <span class='ocrx_word' id='word_1_103' title='bbox 501 2945 541 3005; x_wconf 86' lang='lat' dir='ltr'><strong>et</strong></span> <span class='ocrx_word' id='word_1_104' title='bbox 559 2923 782 3024; x_wconf 66' lang='lat' dir='ltr'><strong>interdumg</strong></span> <span class='ocrx_word' id='word_1_105' title='bbox 807 2923 877 3004; x_wconf 83' lang='lat' dir='ltr'><strong>sed</strong></span> <span class='ocrx_word' id='word_1_106' title='bbox 895 2923 1037 3024; x_wconf 78' lang='lat' dir='ltr'><strong>rarius,</strong></span> <span class='ocrx_word' id='word_1_107' title='bbox 1064 2923 1110 3004; x_wconf 91' lang='lat' dir='ltr'><strong>in</strong></span> <span class='ocrx_word' id='word_1_108' title='bbox 1128 2923 1272 3005; x_wconf 86' lang='lat' dir='ltr'><strong>adultis</strong></span> <span class='ocrx_word' id='word_1_109' title='bbox 1288 2957 1314 3024; x_wconf 64' lang='grc' dir='ltr'><strong>ς·</strong></span> 
     </span>
     <span class='ocr_line' id='line_1_19' title="bbox 261 3060 1058 3168; baseline 0.003 -29"><span class='ocrx_word' id='word_1_110' title='bbox 261 3060 433 3168; x_wconf 87' lang='lat' dir='ltr'><strong>ideoque</strong></span> <span class='ocrx_word' id='word_1_111' title='bbox 453 3087 538 3140; x_wconf 88' lang='lat' dir='ltr'><strong>non</strong></span> <span class='ocrx_word' id='word_1_112' title='bbox 549 3060 636 3142; x_wconf 84' lang='lat' dir='ltr'><strong>uisi</strong></span> <span class='ocrx_word' id='word_1_113' title='bbox 653 3061 879 3168; x_wconf 85' lang='lat' dir='ltr'><strong>inexpertos</strong></span> <span class='ocrx_word' id='word_1_114' title='bbox 897 3081 1058 3142; x_wconf 86' lang='lat' dir='ltr'><strong>terrent.</strong></span> 
     </span>
    </p>

    <p class='ocr_par' dir='ltr' id='par_1_8' title="bbox 173 3197 1309 4414">
     <span class='ocr_line' id='line_1_20' title="bbox 315 3197 1299 3308; baseline 0.002 -32"><span class='ocrx_word' id='word_1_115' title='bbox 315 3199 489 3284; x_wconf 82' lang='lat' dir='ltr'><strong>Variolae</strong></span> <span class='ocrx_word' id='word_1_116' title='bbox 501 3200 588 3280; x_wconf 87' lang='lat' dir='ltr'><strong>vim</strong></span> <span class='ocrx_word' id='word_1_117' title='bbox 599 3199 779 3308; x_wconf 77' lang='lat' dir='ltr'><strong>aliquam</strong></span> <span class='ocrx_word' id='word_1_118' title='bbox 793 3197 976 3282; x_wconf 85' lang='lat' dir='ltr'><strong>inferunt</strong></span> <span class='ocrx_word' id='word_1_119' title='bbox 989 3199 1195 3281; x_wconf 83' lang='lat' dir='ltr'><strong>canalibus</strong></span> <span class='ocrx_word' id='word_1_120' title='bbox 1209 3227 1299 3279; x_wconf 88' lang='lat' dir='ltr'><strong>san-</strong></span> 
     </span>
     <span class='ocr_line' id='line_1_21' title="bbox 259 3333 1300 3444; baseline 0.004 -30"><span class='ocrx_word' id='word_1_121' title='bbox 259 3333 441 3441; x_wconf 82' lang='lat' dir='ltr'><strong>guiferis,</strong></span> <span class='ocrx_word' id='word_1_122' title='bbox 468 3365 489 3416; x_wconf 85' lang='lat' dir='ltr'><strong>a</strong></span> <span class='ocrx_word' id='word_1_123' title='bbox 516 3335 670 3444; x_wconf 84' lang='lat' dir='ltr'><strong>quibus</strong></span> <span class='ocrx_word' id='word_1_124' title='bbox 704 3357 911 3418; x_wconf 85' lang='lat' dir='ltr'><strong>menstrua</strong></span> <span class='ocrx_word' id='word_1_125' title='bbox 938 3333 1232 3435; x_wconf 82' lang='lat' dir='ltr'><strong>effimduutur3</strong></span> <span class='ocrx_word' id='word_1_126' title='bbox 1259 3357 1300 3418; x_wconf 90' lang='lat' dir='ltr'><strong>et</strong></span> 
     </span>
     <span class='ocr_line' id='line_1_22' title="bbox 261 3471 1304 3580; baseline 0 -28"><span class='ocrx_word' id='word_1_127' title='bbox 261 3497 359 3552; x_wconf 87' lang='lat' dir='ltr'><strong>cum</strong></span> <span class='ocrx_word' id='word_1_128' title='bbox 373 3473 540 3554; x_wconf 88' lang='lat' dir='ltr'><strong>morbus</strong></span> <span class='ocrx_word' id='word_1_129' title='bbox 556 3471 680 3554; x_wconf 73' lang='lat' dir='ltr'><strong>fareris</strong></span> <span class='ocrx_word' id='word_1_130' title='bbox 694 3473 920 3556; x_wconf 89' lang='lat' dir='ltr'><strong>admodum</strong></span> <span class='ocrx_word' id='word_1_131' title='bbox 933 3473 1193 3580; x_wconf 85' lang='lat' dir='ltr'><strong>periculosus,</strong></span> <span class='ocrx_word' id='word_1_132' title='bbox 1207 3499 1304 3578; x_wconf 89' lang='lat' dir='ltr'><strong>pro-.</strong></span> 
     </span>
     <span class='ocr_line' id='line_1_23' title="bbox 261 3605 1308 3715; baseline -0.001 -27"><span class='ocrx_word' id='word_1_133' title='bbox 261 3605 439 3690; x_wconf 85' lang='lat' dir='ltr'><strong>fluvium</strong></span> <span class='ocrx_word' id='word_1_134' title='bbox 457 3609 666 3692; x_wconf 85' lang='lat' dir='ltr'><strong>uterinum</strong></span> <span class='ocrx_word' id='word_1_135' title='bbox 684 3609 955 3690; x_wconf 89' lang='lat' dir='ltr'><strong>immodicum</strong></span> <span class='ocrx_word' id='word_1_136' title='bbox 973 3629 1152 3715; x_wconf 85' lang='lat' dir='ltr'><strong>tempore</strong></span> <span class='ocrx_word' id='word_1_137' title='bbox 1170 3607 1308 3688; x_wconf 84' lang='lat' dir='ltr'><strong>alieno¹</strong></span> 
     </span>
     <span class='ocr_line' id='line_1_24' title="bbox 261 3741 1308 3852; baseline 0.002 -30"><span class='ocrx_word' id='word_1_138' title='bbox 261 3741 487 3828; x_wconf 85' lang='lat' dir='ltr'><strong>factumest</strong></span> <span class='ocrx_word' id='word_1_139' title='bbox 504 3747 682 3828; x_wconf 92' lang='lat' dir='ltr'><strong>biduum</strong></span> <span class='ocrx_word' id='word_1_140' title='bbox 696 3767 787 3828; x_wconf 86' lang='lat' dir='ltr'><strong>ante</strong></span> <span class='ocrx_word' id='word_1_141' title='bbox 801 3747 957 3828; x_wconf 86' lang='lat' dir='ltr'><strong>exitum</strong></span> <span class='ocrx_word' id='word_1_142' title='bbox 975 3745 1246 3852; x_wconf 86' lang='lat' dir='ltr'><strong>pustularum,</strong></span> <span class='ocrx_word' id='word_1_143' title='bbox 1259 3765 1308 3825; x_wconf 84' lang='lat' dir='ltr'><strong>et·</strong></span> 
     </span>
     <span class='ocr_line' id='line_1_25' title="bbox 173 3867 1309 4000; baseline 0.003 -41"><span class='ocrx_word' id='word_1_144' title='bbox 173 3939 182 3959; x_wconf 39' lang='lat' dir='ltr'><strong>a</strong></span> <span class='ocrx_word' id='word_1_145' title='bbox 260 3884 526 4000; x_wconf 81' lang='lat' dir='ltr'><strong>perseveravit</strong></span> <span class='ocrx_word' id='word_1_146' title='bbox 540 3885 704 3967; x_wconf 88' lang='lat' dir='ltr'><strong>diutius.</strong></span> <span class='ocrx_word' id='word_1_147' title='bbox 763 3885 812 3964; x_wconf 89' lang='lat' dir='ltr'><strong>ln</strong></span> <span class='ocrx_word' id='word_1_148' title='bbox 830 3882 1037 3964; x_wconf 86' lang='lat' dir='ltr'><strong>nonnullis</strong></span> <span class='ocrx_word' id='word_1_149' title='bbox 1050 3867 1189 3964; x_wconf 83' lang='lat' dir='ltr'><strong>cursus</strong></span> <span class='ocrx_word' id='word_1_150' title='bbox 1210 3909 1309 3962; x_wconf 87' lang='lat' dir='ltr'><strong>san-.</strong></span> 
     </span>
     <span class='ocr_line' id='line_1_26' title="bbox 261 4019 1299 4128; baseline -0.001 -28"><span class='ocrx_word' id='word_1_151' title='bbox 261 4020 694 4125; x_wconf 81' lang='lat' dir='ltr'><strong>guinisenaturalibus</strong></span> <span class='ocrx_word' id='word_1_152' title='bbox 705 4021 885 4128; x_wconf 82' lang='lat' dir='ltr'><strong>fuitipso</strong></span> <span class='ocrx_word' id='word_1_153' title='bbox 897 4019 1030 4126; x_wconf 90' lang='lat' dir='ltr'><strong>primo</strong></span> <span class='ocrx_word' id='word_1_154' title='bbox 1042 4019 1299 4126; x_wconf 84' lang='lat' dir='ltr'><strong>pustularum</strong></span> 
     </span>
     <span class='ocr_line' id='line_1_27' title="bbox 260 4154 1304 4251; baseline -0.001 -15"><span class='ocrx_word' id='word_1_155' title='bbox 260 4155 338 4236; x_wconf 86' lang='lat' dir='ltr'><strong>die.</strong></span> <span class='ocrx_word' id='word_1_156' title='bbox 385 4159 544 4240; x_wconf 85' lang='lat' dir='ltr'><strong>Verum</strong></span> <span class='ocrx_word' id='word_1_157' title='bbox 558 4157 642 4239; x_wconf 87' lang='lat' dir='ltr'><strong>haec</strong></span> <span class='ocrx_word' id='word_1_158' title='bbox 658 4179 754 4240; x_wconf 86' lang='lat' dir='ltr'><strong>sunt</strong></span> <span class='ocrx_word' id='word_1_159' title='bbox 767 4157 926 4239; x_wconf 87' lang='lat' dir='ltr'><strong>rariora.</strong></span> <span class='ocrx_word' id='word_1_160' title='bbox 986 4155 1166 4238; x_wconf 83' lang='lat' dir='ltr'><strong>Maxime</strong></span> <span class='ocrx_word' id='word_1_161' title='bbox 1176 4154 1304 4251; x_wconf 85' lang='lat' dir='ltr'><strong>usita-¹</strong></span> 
     </span>
     <span class='ocr_line' id='line_1_28' title="bbox 262 4290 1305 4414; baseline -0.013 -30"><span class='ocrx_word' id='word_1_162' title='bbox 262 4313 354 4386; x_wconf 77' lang='lat' dir='ltr'><strong>tum</strong></span> <span class='ocrx_word' id='word_1_163' title='bbox 372 4293 432 4378; x_wconf 81' lang='lat' dir='ltr'><strong>es&#39;t</strong></span> <span class='ocrx_word' id='word_1_164' title='bbox 449 4295 493 4378; x_wconf 91' lang='lat' dir='ltr'><strong>in</strong></span> <span class='ocrx_word' id='word_1_165' title='bbox 513 4295 711 4414; x_wconf 83' lang='lat' dir='ltr'><strong>plerisque</strong></span> <span class='ocrx_word' id='word_1_166' title='bbox 722 4290 1131 4395; x_wconf 76' lang='lat' dir='ltr'><strong>omnibusfoeminis,</strong></span> <span class='ocrx_word' id='word_1_167' title='bbox 1143 4311 1191 4402; x_wconf 77' lang='lat' dir='ltr'><strong>pt</strong></span> <span class='ocrx_word' id='word_1_168' title='bbox 1209 4317 1305 4387; x_wconf 77' lang='lat' dir='ltr'><strong>aan·.</strong></span> 
     </span>
    </p>
   </div>
   <div class='ocr_carea' id='block_1_5' title="bbox 0 0 1531 5084">
    <p class='ocr_par' dir='ltr' id='par_1_9' title="bbox 0 0 1531 5084">
     <span class='ocr_line' id='line_1_29' title="bbox 0 0 1531 5084; baseline 0 0"><span class='ocrx_word' id='word_1_169' title='bbox 0 0 1531 5084; x_wconf 95' lang='lat' dir='ltr'><strong> </strong></span> 
     </span>
    </p>
   </div>
  </div>
 </body>
</html>
