3016 5076
155 685 329 748 &arcora
356 687 443 744 non
470 661 550 746 nisi
569 661 727 770 liquida
752 651 996 765 redduntur,
1023 683 1065 744 et
1082 658 1210 744 simul

156 823 216 884 est
233 799 451 883 difficultas
465 799 608 882 un'nae.

212 939 387 1024 Interior
404 936 588 1020 intestini
606 937 706 1020 recti
723 937 864 1020 tunica
882 937 982 1020 adeo
996 936 1211 1026 interdum

157 1077 329 1178 laxatur,
345 1098 395 1158 ut
413 1101 512 1158 cum
530 1095 704 1158 stercore
717 1101 876 1184 semper
890 1073 1121 1174 descendat,
1140 1097 1213 1158 aut
1244 1158 1250 1166 ,

158 1215 284 1298 etiam
315 1213 423 1296 inter
456 1212 755 1320 equitandum
782 1239 860 1295 nec
897 1213 1045 1313 redeat,
1080 1213 1215 1298 donee

158 1381 288 1436 manu
314 1351 442 1434 fuerit
468 1349 651 1458 reposita.
711 1353 958 1432 Fomentum
986 1351 1214 1458 astringens

159 1513 251 1598 post
265 1489 444 1597 singulas
464 1487 704 1596 dejectiones
723 1487 884 1569 utiliter·
897 1487 1128 1570 adhibetur.

216 1631 257 1710 A
274 1627 409 1728 taenia,
427 1651 467 1710 et
481 1625 745 1727 ascaridibus,
763 1621 812 1708 fit
830 1623 1002 1732 prurigo
1027 1625 1096 1706 ani
1124 1653 1213 1708 ves·

163 1793 256 1874 pere
274 1763 570 1846 molestissima.
968 1783 970 1788 ’

219 1901 451 1983 Nonnullos
461 1923 629 1994 ,tentant
644 1899 730 1982 sine
741 1927 861 2013 eausa
872 1897 1087 1980 manifesta
1101 1897 1214 1980 haud

164 2039 385 2122 mediocres
398 2039 466 2120 ani
477 2037 649 2140 dolores,
664 2037 739 2147 qui
749 2037 961 2120 interdum
968 2037 1216 2140 mulcentur,

167 2178 607 2286 saepiusexaeperantnr
618 2175 930 2284 dejectionibus;
946 2197 1131 2257 nonraro
1144 2204 1216 2256 sae-

166 2316 286 2400 viunt
305 2315 434 2424 magis
454 2315 500 2400 in
518 2315 634 2416 lecto,
653 2337 694 2401 et
705 2337 844 2413 noctu,
866 2342 994 2424 quam
1009 2335 1080 2396 aut
1091 2313 1217 2396 inter-

168 2453 260 2556 diu,
282 2473 354 2534 aut
371 2453 477 2534 inter
498 2451 812 2554 ambulandum,
840 2475 911 2534 aut
930 2449 1215 2560 equitandum.

169 2591 240 2672 Per
258 2589 411 2672 multos
426 2617 556 2673 annos
569 2613 656 2671 non
671 2611 878 2672 cessarunt
893 2617 1018 2698 agros
1033 2587 1215 2696 fatigare.

223 2727 477 2810 Exulceratio
499 2727 606 2810 facta
634 2727 924 2838 perexiguum
951 2727 1218 2835 emplastrum

169 2861 414 2948 cantharidis
422 2865 508 2947 imo
516 2861 667 2948 femori
674 2864 905 2962 admotum,¹
921 2841 961 2952 et
973 2886 1050 2954 tres
1060 2891 1218 2946 menses

172 3023 338 3103 servata,
355 3001 513 3110 profuit
531 3003 722 3085 adversus
742 3001 820 3084 hot
839 3001 1008 3084 malum.

207 3139 367 3222 Similes
381 3139 445 3222 his
458 3139 614 3222 dolores
630 3139 822 3221 oriuntur
832 3167 882 3222 ex
894 3136 1221 3221 inflammatione

170 3277 251 3380 ani,
265 3299 337 3360 aut
352 3277 582 3358 vicinarum
596 3277 792 3386 partium,
805 3278 1015 3385 solentque
1030 3277 1222 3379 sedendo,

171 3413 329 3517 stando,
347 3413 570 3516 tussiendo,
588 3415 849 3516 sternuendo,
868 3413 1069 3515 meiendo,
1092 3413 1220 3522 majo·

171 3579 258 3634 rem
277 3551 323 3632 in
334 3552 509 3634 modum
527 3553 697 3636 intendi.
746 3553 789 3634 Si
807 3551 1047 3660 hujusmodi
1058 3549 1222 3634 inflam-

170 3689 298 3771 matio
308 3689 411 3771 solvi
422 3713 611 3798 nequeat,
622 3717 768 3774 verum
781 3713 991 3799 suppuret,
1004 3714 1043 3774 et
1052 3687 1123 3772 fiat
1131 3689 1222 3774 aba·
1247 3749 1250 3757 f

172 3855 318 3928 cessus,
346 3851 488 3912 sanato
514 3829 686 3910 demum
711 3827 845 3910 ulcere
868 3857 970 3936 saepe
999 3829 1156 3911 eveniet
1173 3851 1223 3913 ut

172 3962 375 4066 valetudo,
386 3963 460 4046 ubi
471 3961 597 4049 fu'erit
605 3963 780 4066 tenuior,
792 3967 898 4046 intra
910 3965 1031 4047 breve
1044 3967 1224 4074 spatium

174 4129 336 4209 prorsus
352 4103 508 4210 perdita
520 4103 584 4206 sit,
604 4103 666 4187 vel
682 4085 768 4185 aliis
784 4099 834 4185 de
854 4103 998 4204 causis,
1017 4102 1080 4186 vel
1093 4133 1116 4184 a
1130 4105 1224 4186 tabe

176 4239 399 4344 pulmonali
417 4239 654 4348 ingruente3
685 4241 768 4322 sive
784 4241 898 4348 quod
913 4239 1083 4322 morbus
1103 4215 1225 4323 ini'tio

176 4375 298 4459 fuerit
313 4377 439 4464 totius
457 4377 653 4486 corporis,
673 4405 745 4460 seu
773 4377 888 4487 quod
906 4377 1072 4466 habitus
1102 4377 1224 4487 longa
