3050 5084
771 427 875 528 360

296 665 396 749 saepe
411 639 488 721 hoc
508 639 617 720 malo
635 637 802 770 cruciati
820 639 1003 741 fuerunt,
1031 657 1124 722 tum
1143 637 1343 748 praecipue

296 777 454 885 quoties
468 775 761 882 aegrotaverint,
776 803 1018 884 quanquam
1032 803 1165 885 neque
1180 776 1345 858 cantha-
1392 859 1395 866 ,

296 914 416 1014 rides,
435 939 568 1019 neque
588 913 665 994 alia
685 912 878 1022 qualibet
896 911 1112 995 manifesta
1129 909 1252 1020 hujus
1271 912 1346 993 do-

297 1049 393 1130 loris
422 1063 540 1150 causa
566 1047 701 1130 fuerit.
761 1021 855 1130 Hoc
884 1049 1034 1130 vitium
1061 1049 1258 1140 familiare
1284 1069 1353 1129 eet

297 1187 463 1293 utrique
490 1187 602 1266 sexui
629 1185 675 1268 in
704 1207 920 1287 senectute,
958 1207 998 1268 et
1022 1183 1112 1266 'non
1138 1185 1346 1266 immerito

297 1319 468 1404 forsitan
487 1321 532 1402 in
551 1322 666 1404 malis
687 1322 902 1404 arthriticis
922 1345 1185 1406 numeratum
1202 1322 1296 1404 fuit.

354 1459 560 1541 Adversus
580 1459 869 1566 stranguriam,
888 1481 936 1540 ut
950 1459 1056 1548 mihi
1074 1459 1249 1560 videtur,
1277 1485 1349 1566 pa-

246 1637 248 1642 ·
301 1621 403 1680 rum'
415 1597 531 1686 utilia
550 1619 647 1678 sunt
666 1625 758 1704 quae
786 1596 898 1680 intus
927 1619 1168 1682 sumuntur.
1202 1583 1350 1678 'Haud

172 1805 176 1826 ,
301 1731 418 1816 valde
437 1733 669 1839 negaverim
687 1734 836 1832 oleum,
864 1755 904 1814 et
928 1735 1091 1840 gummi
1109 1733 1349 1833 Arabicum,

303 1871 604 1980 aiiquantulum
617 1871 780 1977 juvare3
799 1871 1018 1978 camphora
1033 1893 1183 1970 autem,
1201 1869 1351 1978 pariter

303 2033 348 2088 ac
368 2007 444 2088 alia
462 2007 650 2107 resinosa,
679 2007 810 2114 aptior
827 2029 887 2087 eet
906 2007 959 2088 ad
977 2021 1067 2086 eam
1087 2003 1349 2113 gignendam,

304 2144 503 2252 quemad
523 2143 753 2224 tollendam.
811 2142 914 2224 Uvae
932 2142 1018 2223 ursi
1037 2142 1141 2223 vitea
1167 2141 1350 2224 adhunc

304 2280 496 2364 affectum
514 2281 674 2362 incertae
700 2301 796 2361 aunt
808 2313 821 2381 3
849 2306 983 2386 neque
1011 2303 1149 2360 tamen
1175 2277 1352 2362 diffiten-

304 2419 409 2500 dum
442 2441 501 2500 eet
525 2418 630 2498 hanc
658 2417 830 2498 herbam
859 2415 1168 2526 quodammodo
1193 2413 1352 2500 'afficere

304 2525 421 2664 poise
444 2556 536 2636 istas
556 2540 733 2661 corporis
754 2575 897 2661 partes,
925 2579 1017 2662 quae
1037 2552 1202 2634 urinam
1220 2579 1353 2634 excer-

307 2713 441 2792 nunt;
460 2691 610 2774 etenim
629 2715 726 2772 cum
739 2681 847 2797 ‘saepe
865 2691 959 2772 data
972 2711 1075 2772 estet
1092 2689 1258 2772 cuidam
1275 2691 1354 2772 cal·

197 2813 220 2880 ⁶·
308 2828 461 2928 culoso,
487 2827 651 2908 urinam
670 2826 754 2934 ejus
782 2852 938 2933 semper
965 2825 1106 2908 infecit
1133 2827 1265 2908 colore
1293 2823 1353 2906 vi·

309 2965 400 3048 ridi.
448 2963 589 3046 Urinae
604 2961 883 3045 difficultatem
902 2993 925 3044 a
942 2943 1134 3047 Venereie
1153 2963 1271 3046 malie
1289 2989 1353 3044 or·

309 3125 395 3204 tam
438 3101 616 3183 candelae‘
643 3101 687 3180 in
716 3099 923 3182 urethram
951 3100 1143 3182 immissae
1170 3103 1352 3182 multum

283 3221 285 3226 ⁵
308 3239 444 3319 levant
462 3235 611 3346 potius,
639 3265 765 3345 quam
793 3238 952 3326 tollunt.
1011 3237 1161 3320 Oleum
1189 3237 1234 3318 in
1261 3263 1352 3320 ure·

310 3373 448 3454 thram
486 3373 687 3474 infusum,
725 3402 850 3481 vapor
878 3401 993 3481 aquae
1023 3373 1160 3456 calidae
1189 3397 1351 3456 natura·

311 3511 418 3592 libus
435 3533 634 3617 exceptus,
669 3503 851 3592 fomenia
870 3511 1016 3618 tepida,
1043 3533 1083 3592 et
1107 3511 1352 3594 emollientia

313 3649 488 3756 perinaeo
514 3671 553 3730 et
580 3649 682 3756 pubi
711 3649 886 3750 admota,
914 3677 1015 3756 saepe
1043 3651 1159 3731 utilia
1185 3648 1353 3732 fuerunt

313 3786 365 3868 ad
384 3773 660 3894 mitigandum
675 3785 785 3868 hunc
799 3787 992 3868 dolorem.
1023 3787 1241 3896 Optimum
1260 3813 1352 3870 vero

261 3958 266 3966 ·
314 3925 542 4006 remedium
575 3945 647 4024 est,
679 3915 794 4032 aquae
824 3924 966 4031 tepidae
995 3925 1135 4006 unciae
1164 3951 1231 4006 aex
1258 3949 1352 4006 cum

314 4061 500 4142 tincturae
516 4061 598 4168 opii
613 4061 738 4167 guttis
757 4061 913 4167 viginti,
931 4062 1007 4161 vel,
1027 4061 1059 4142 si
1071 4089 1172 4168 opus
1187 4061 1252 4162 ait,
1270 4081 1352 4146 sex·

315 4199 465 4306 aginta,
492 4197 537 4278 in
555 4197 695 4279 alvum
712 4197 953 4300 infundere3
978 4199 1092 4306 quod
1109 4195 1352 4306 exoptatissi-
