3050 5084
166 600 328 684 curtino
351 621 461 680 mata
476 598 768 682 desinentibus.
814 599 1119 696 Haecmalatam
1138 617 1227 682 ute*
1280 707 1282 713 Α
1345 643 1348 662 ·

167 769 278 840 rum,
292 767 419 846 quam
434 767 648 838 mammas,
660 740 803 820 eodem
814 737 897 820 fere
910 739 1034 832 aetatis
1043 761 1225 846 tempore

170 875 840 982 tentant;nimirum‚p0stannum
852 877 1225 984 quadragesimum.

30 1009 72 1115 'f‘
172 1017 361 1096 Primum
389 1013 513 1120 hujus
543 1015 662 1120 pestis
693 1010 859 1118 signum
888 1037 947 1096 est
971 1014 1228 1121 profluvium

173 1153 385 1234 uterinum
398 1173 614 1252 revertens,
625 1175 845 1258 postquam
857 1151 1012 1234 diutius
1026 1155 1232 1236 substitis-

54 1275 71 1321 '³
177 1313 257 1370 set:
288 1317 422 1395 neque
456 1310 595 1369 tamen
632 1288 710 1370 hoc
740 1312 899 1370 certum
927 1312 987 1372 est
1014 1291 1230 1373 indicium.

22 1413 68 1466 ··³
144 1470 151 1492 ·
179 1429 398 1508 Menstrua
421 1427 534 1506 enim
553 1429 677 1532 longo
697 1449 789 1532 post
808 1449 989 1534 tempore
1009 1429 1236 1530 redeuntia,

23 1557 67 1600 Μ’·
180 1593 266 1646 non
301 1593 457 1670 semper
488 1593 537 1645 ex
570 1585 686 1645 utero
716 1565 930 1666 scirrhosO,
973 1566 1042 1648 sed
1070 1595 1120 1647 ex
1148 1567 1235 1648 aliis

182 1731 350 1810 quoque
365 1701 494 1781 causis
510 1699 825 1807 proficiscuntur
836 1702 873 1782 *ἢ
899 1703 1114 1810 Principio,
1134 1731 1240 1782 non-

183 1842 306 1922 nullae
331 1841 519 1922 mulieres
540 1841 803 1946 experiuntur
822 1868 990 1920 cursum
1010 1841 1242 1922 enaturali-
1307 1931 1309 1944 ,

184 1982 278 2080 bus,
307 1980 370 2060 vel
385 1979 500 2058 muci
519 1980 631 2078 lenti,
660 1979 722 2056 vel
742 1978 927 2057 humoris
947 1979 1166 2079 dilutioris,
1186 1980 1239 2060 si·-

187 2116 296 2196 milis
314 2112 516 2222 profluvio
536 2117 629 2198 albo
645 2149 656 2212 ;
677 2114 750 2222 qui
771 2137 910 2194 manat
925 2117 1050 2196 modo
1070 2145 1244 2217 annum,

189 2252 316 2356 modo
335 2251 566 2352 biennium,
592 2253 834 2358 priusquam
854 2253 960 2332 mala
980 2255 1133 2370 quaesis
1153 2281 1245 2360 gra·

191 2390 305 2468 viora
320 2389 515 2469 incidant.
576 2391 677 2468 Haec
692 2417 788 2468 vero
804 2411 914 2488 sunt,
932 2389 1057 2470 febris
1078 2389 1246 2490 hectica,
1309 2457 1312 2465 ,

194 2525 394 2632 cupiditas
415 2553 518 2605 vana
538 2525 761 2623 desidendi,
786 2525 942 2606 dolores
962 2526 1082 2626 uteri,
1111 2527 1248 2634 ingui-

195 2693 314 2765 num,
342 2665 597 2762 lumborum,
611 2663 787 2744 'alterius
809 2665 872 2744 vel
891 2667 1107 2771 utriusque
1125 2693 1251 2767 coxae,

197 2825 238 2886 et
263 2801 497 2901 femorum3
527 2829 648 2908 porro
676 2829 809 2908 neque
829 2802 941 2882 alvus
963 2802 1147 2902 solvitur,
1175 2831 1250 2886 nec
1277 2837 1279 2846 ⁴

195 2941 320 3044 ¹urina
332 2939 530 3038 redditur,
549 2937 633 3018 sine
648 2937 810 3038 dolore3
831 2959 870 3018 et
889 2960 1028 3019 venter
1047 2967 1149 3046 saepe
1168 2939 1251 3022 dis·

202 3075 397 3175 tenditur,
416 3103 514 3155 cum
533 3102 652 3156 sensu
671 3074 888 3154 inanitatis.
933 3075 1062 3187 Quod
1076 3105 1124 3156 ex
1135 3099 1252 3157 utero

204 3212 349 3312 fertur,
378 3209 427 3292 fit
446 3201 583 3318 postea
602 3213 774 3310 luteum,
802 3211 944 3311 viride,
963 3212 1027 3292 vel
1045 3235 1195 3312 atrum,
1214 3229 1255 3294 et

206 3349 304 3431 mali
316 3349 464 3430 odoris.
486 3349 672 3430 Tandem
687 3349 842 3430 dolores
858 3349 1101 3458 impatibiles
1114 3353 1255 3432 oriun-

207 3511 289 3588 tur,
305 3487 476 3595 quinon
487 3488 566 3568 nisi
581 3488 674 3602 opio
689 3487 806 3566 leniri
821 3511 992 3592 possunt
1005 3523 1017 3588 3
1037 3488 1106 3568 vix
1119 3511 1257 3571 tamen
1306 3465 1308 3470 Ι

210 3649 411 3733 augentur
441 3627 486 3705 in
514 3625 711 3705 vehiculu
770 3606 996 3730 Interdum,
1020 3627 1095 3710 ssed
1115 3627 1259 3728 rariuS,

211 3765 327 3870 ulcus
344 3763 450 3845 uteri
465 3761 575 3842 viam
590 3761 669 3841 sibi
683 3761 780 3842 facit
798 3785 837 3842 et
852 3763 896 3882 in
915 3763 1156 3843 intestinum
1177 3791 1261 3846 rec·
1322 3831 1325 3840 .

147 3963 148 3966 a
214 3923 320 4003 tum,
338 3925 378 3983 et
395 3901 440 3981 in
455 3899 639 4020 vesicam.
688 3899 766 3980 Sed
784 3897 868 3981 haec
889 3899 1003 4008 signa
1021 3929 1107 3982 non
1123 3903 1263 3982 omnia

413 4213 431 4248 ’
452 4207 500 4268 De
513 4205 558 4265 his
569 4225 656 4284 supra
669 4220 846 4285 preceptum
860 4221 904 4268 est
917 4207 1011 4288 capite
1020 4209 1068 4270 62.
