2990 5078
603 487 706 607 too

189 701 364 801 'Morbus
383 715 469 788 non
487 733 644 815 paucor-¹
662 704 820 788 invadit
832 704 925 798 'eine
952 705 1038 788 ullo
1056 685 1176 813 cignd
1224 800 1229 808 ,

145 845 402 940 antecedente.
431 845 516 926 Alii
531 843 761 926 venientem
775 842 1010 951 praevident,
1024 863 1067 924 et
1079 841 1177 928 hor·

144 1005 237 1076 rent·
277 979 407 1066 Sed-io
422 981 569 1063 horror
582 1001 775 1088 pensatur
792 979 926 1087 spatio
950 980 1065 1088 quod
1078 1007 1176 1062 con-

143 1119 291 1204 oditur
303 1119 558 1202 tutandiaea
576 1115 763 1224 periculis
781 1143 875 1226 quae
905 1115 991 1198 aliis
1017 1117 1178 1224 impen-

142 1255 337 1366 dent,t1m
354 1255 801 1362 improvioocorrnunt.
822 1309 825 1317 -
859 1253 956 1332 Non
970 1253 1176 1338 ratoacci·

141 1391 209 1494 dit,
225 1413 274 1478 ut
289 1392 409 1474 initio
428 1390 744 1499 praeoentianrur
766 1389 905 1470 morbi
921 1390 1178 1492 accessiones,

143 1553 228 1638 qun
245 1548 474 1637 marcanec
491 1525 701 1634 opinantes
722 1547 994 1634 prosternunt.
1051 1525 1177 1631 Signa

142 1663 329 1773 epilepsiae
352 1663 571 1746 remotiora
597 1683 695 1746 cunt
718 1663 897 1770 jactatio,
924 1659 1177 1769 perturbatio

143 1801 274 1903 enimi,
302 1800 445 1909 capitio
473 1801 604 1902 dolor,
620 1800 791 1908 vertigo,
817 1799 996 1906 aliaque·
1015 1823 1178 1904 pereep-

143 1937 261 2020 tionea
284 1939 477 2039 molestae,
506 1953 649 2046 sopor,
666 1959 706 2020 et
724 1935 939 2018 ventriculi
966 1931 1177 2035 debilitas,

142 2075 575 2182 ttquehaecnonnulloe
585 2061 759 2182 fatigant
772 2069 1180 2175 biduum,‘triduum-

142 2237 198 2314 re,
210 2213 452 2321 priusquam
466 2211 699 2296 concidunt.
747 2211 839 2292 Alia
853 2229 1177 2318 paucas-tantum
1207 2237 1228 2280 ’-

141 2345 251 2430 horae
284 2349 553 2432 accessionem
582 2348 837 2458 procedunt3
866 2347 983 2453 cujus
1019 2345 1179 2452 genetit

143 2505 233 2566 tunt
250 2486 350 2568 levis
370 2485 517 2567 mentis
536 2485 737 2586 alienatio,
764 2509 890 2592 vapor
908 2511 932 2564 e
952 2483 1179 2572 ventriculo
1306 2519 1315 2528 ·

142 2609 190 2700 ad
201 2643 322 2730 capnt
333 2649 544 2728 assurgens
562 2616 652 2730 (qui
665 2624 788 2703 etiam
799 2619 1020 2702 nonnullos
1030 2619 1183 2726 percel-

141 2755 184 2838 lit
193 2781 316 2864 gustu
326 2780 368 2840 et
377 2759 500 2840 odore
512 2759 869 2872 moechi),doloree
877 2755 1179 2858 intestinorum,
1256 2821 1260 2826 -
1395 2823 1399 2844 .

142 2913 274 3002 torpor
291 2890 338 2978 in
355 2895 530 2978 brachiis
548 2915 591 2978 et
607 2895 812 2995 manibus,
827 2892 1028 3002 perceptio
1042 2895 1178 2976 nescio

144 3055 229 3138 quae
251 3043 306 3116 'ex
324 3033 495 3115 attubus
524 3033 712 3114 extremit
740 3033 891 3114 sensim
919 3057 991 3138 per
1015 3030 1180 3112 univer·
1226 3085 1229 3092 ·

142 3191 230 3247 tum
262 3195 410 3279 corpus
440 3167 601 3272 diffusa,
628 3169 816 3276 caligines
842 3168 1073 3268 oculorum,
1099 3191 1179 3250 vox

143 3301 382 3406 balbutiens,
409 3327 450 3388 et
471 3305 753 3412 inexplanata,
780 3325 852 3386 aut
882 3329 932 3384 ex
968 3321 1056 3384 toto
1083 3329 1182 3410 eup-

143 3463 285 3550 precea,
303 3441 520 3550 singultus,
534 3441 773 3550 dejectiones
788 3439 881 3544 alvi,
895 3439 1090 3541 vomitur,
1106 3437 1182 3542 do-

143 3573 202 3657 lor
217 3573 342 3681 dorsi,
369 3599 642 3661 extremarum
661 3578 842 3686 partium
860 3577 1006 3686 frigus,
1023 3575 1181 3686 pituitae
1333 3627 1341 3638 ·

144 3711 406 3818 profluvium,
421 3715 543 3797 facies
562 3717 804 3823 nigrescent,
821 3736 862 3798 et
876 3713 1056 3824 opinandi
1073 3709 1181 3796 diffi·

144 3849 290 3953 cultao3
320 3873 523 3962 postremo
556 3853 707 3935 animae
740 3851 915 3934 defectio
943 3851 1055 3953 levit,
1082 3879 1180 3960 quoe

143 3987 263 4070 modo
280 3989 481 4073 antecedit
488 3989 644 4096 justam
656 3989 904 4097 epilepsiam,
922 3987 1050 4070 modo
1063 3989 1182 4096 quasi

145 4119 271 4205 ricem
288 4125 375 4234 ejus
388 4125 545 4233 implet,
557 4125 667 4208 dum
683 4123 788 4206 nihil
816 4125 930 4207 alind·
943 4151 1046 4232 auger
1060 4123 1183 4208 sentit

146 4281 284 4364 praeter
310 4253 514 4345 oblivium
544 4261 757 4370 quoddam
788 4283 829 4346 et
857 4261 1051 4345 delirium
1082 4259 1183 4344 adeo

147 4393 277 4502 breve,
306 4421 356 4484 ut
371 4397 455 4494 fere
474 4399 526 4488 ed
545 4428 586 4486 ee
605 4399 1013 4508 redeat,priutqua1u
1041 4399 1094 4483 ab
1111 4399 1183 4496 ad·
