3050 5084
686 539 789 640 405

205 747 270 829 vel
281 749 452 832 accessio
469 777 594 858 prope
610 751 661 832 ad
676 751 831 858 ignem,
858 753 924 834 vel
941 749 1068 836 lectus
1088 730 1261 862 tepefie-

137 955 138 966 Ν
203 907 285 985 tus,
299 888 363 966 vel
375 889 642 994 emplastrum
655 887 914 988 cantharidis,
928 891 991 972 vel
1004 892 1151 971 solutio
1166 891 1261 995 alvi,

200 1043 242 1104 et
273 1023 571 1131 qualiscunque
590 1027 740 1106 mentis
766 1026 1030 1132 perturbatio,
1055 1025 1259 1135 profusio-

199 1187 298 1241 nem
323 1162 532 1267 sanguinis
552 1191 709 1271 semper
723 1161 984 1279 induxerunt.

254 1299 444 1380 Vomitui
464 1301 603 1406 longo,
634 1299 708 1406 qui
738 1300 823 1380 sine
844 1299 1049 1406 sanguine
1069 1299 1130 1402 fit,
1159 1331 1257 1410 pur·

196 1435 348 1541 gaucia,
367 1437 576 1544 equitatio,
595 1459 635 1518 et
650 1437 819 1544 pinguia
835 1439 974 1518 omnia
989 1461 1086 1520 sunt
1105 1440 1251 1522 aliena:

197 1573 312 1680 quod
332 1575 563 1656 stomachus
579 1575 688 1654 ultro
704 1573 852 1676 reddit,
871 1573 975 1655 nihil
994 1575 1192 1682 profecit;
1211 1601 1253 1659 et

196 1713 378 1794 vomitus
402 1711 699 1794 medicamento
718 1711 912 1794 excitatus
935 1713 1064 1794 modo
1084 1713 1165 1796 fuit
1184 1744 1254 1796 su-

129 1927 132 1938 ,
197 1877 436 1956 pervacuus,
463 1850 589 1930 modo
619 1848 790 1930 forsitan
810 1849 1068 1957 perniciosus.
1128 1855 1250 1936 Unus

202 2013 252 2068 ex
264 1987 329 2068 his
346 1987 504 2094 aegrotis
525 1987 631 2067 milri
645 1987 782 2067 retulit
801 2015 840 2068 se
855 2017 900 2069 ea
919 1985 1043 2070 fuisse
1062 2012 1251 2092 constan-

197 2124 267 2225 tia,
281 2146 330 2208 ut
344 2150 506 2206 vomere
522 2147 808 2230 perseverasset
823 2123 981 2206 circiter
996 2125 1251 2236 quadragies,

195 2260 281 2342 sine
296 2259 471 2341 minimo
483 2263 580 2342 mali
595 2263 836 2342 levamento.
871 2263 1014 2370 Neque
1030 2285 1167 2344 tamen
1185 2261 1250 2345 id-

195 2397 355 2479 circoin
364 2397 426 2479 his
435 2399 593 2479 casibus
603 2425 759 2505 semper
769 2397 1248 2481 abstinendumessecen-
1281 2497 1284 2506 ⁴

196 2563 263 2615 seo
279 2534 330 2616 ab
346 2533 424 2616 hoc
445 2535 623 2616 remedio
638 2571 650 2636 ;
681 2535 785 2642 quin
800 2535 935 2641 potius
951 2535 1108 2643 ubique
1127 2537 1178 2616 ab
1197 2565 1258 2624 eo.

194 2671 370 2778 incipere
390 2672 604 2778 oportebit.
663 2671 730 2752 Ad
750 2668 944 2754 nauseam
964 2695 1165 2754 recentem
1184 2700 1247 2754 re·

194 2811 381 2892 medium
414 2805 773 2917 praesentissimum
806 2833 866 2893 est
895 2839 1058 2892 vomere
1076 2839 1243 2918 cogerer

194 2969 234 3029 et
254 2948 323 3028 vix
342 2946 513 3030 definire
533 2977 748 3054 possumus
769 2977 854 3056 quo
873 2949 1043 3030 demum
1062 2969 1244 3056 tempore

193 3085 365 3164 morbus
390 3085 557 3192 incipiat
582 3113 664 3166 esse
683 3086 954 3186 inveteratior,
980 3113 1108 3193 quam
1126 3106 1175 3166 ut
1193 3111 1241 3166 eo
1310 3173 1311 3178 Ν

192 3224 318 3304 modo
338 3223 461 3342 levari
480 3223 615 3330 possit.
667 3226 788 3304 Tum
806 3251 901 3304 vero
921 3251 1084 3324 noxam,
1104 3223 1137 3304 si
1158 3251 1251 3330 qua,

192 3359 256 3461 sit,
271 3361 316 3440 in
330 3361 491 3454 vomitu
503 3361 720 3461 movendo,
735 3347 1145 3467 crediderimsemper
1157 3387 1241 3442 esse

191 3526 392 3606 perquam
411 3499 552 3580 levem.
612 3501 742 3605 Aquae
767 3475 995 3580 Bathonica}
1015 3499 1058 3579 vi
1077 3497 1241 3606 propria

160 3719 161 3724 g
191 3638 326 3718 valent
356 3636 545 3718 adversus
565 3637 771 3718 vomitum
790 3636 1041 3718 matutinum
1060 3635 1261 3727 ebrioso,

192 3803 311 3856 rum:
341 3773 394 3855 ad
427 3775 601 3854 aliorum
631 3801 823 3855 nauseam
850 3802 951 3881 saepe
970 3802 1055 3853 non
1074 3773 1239 3880 profue-

190 3936 301 3995 runt.
337 3912 726 4012 Medicamentum,
755 3911 868 4019 quod
892 3911 1014 3992 haber
1032 3909 1237 3990 linimenti

89 4054 92 4071 ‘
190 4049 350 4156 saponis
370 4073 499 4156 partes
513 4071 605 4147 tres,
624 4049 810 4128 tincturae
827 4047 910 4154 opii
924 4027 1079 4154 partem
1093 4073 1237 4148 unam,

187 4188 322 4268 ventri
340 4187 505 4287 illitum,
532 4187 672 4266 multis
693 4171 775 4265 fui't
800 4183 1076 4265 utilissimum.
1136 4183 1236 4262 Em-

188 4327 388 4434 plastrum
407 4353 573 4432 quoque
592 4323 835 4404 cantharidis
856 4323 1095 4430 impositum
1116 4347 1236 4426 prox,

186 4463 268 4546 ime
284 4463 556 4546 ventriculum
576 4461 638 4544 his
655 4463 768 4570 aegris
785 4459 984 4546 subvenit.
1015 4459 1116 4541 Aliis
1137 4485 1236 4540 aux·
