3002 5086
152 629 239 712 dice
258 624 482 708 indulserit.
541 627 771 732 Optabilius
791 649 863 736 est,
888 651 936 711 ut
954 655 1084 714 crassa
1103 631 1197 736 fiat3

151 766 303 873 quippe
315 787 408 848 tum
423 763 664 870 plerumque
676 765 846 846 morbus
859 767 983 874 coepit
995 766 1197 872 inclinari,

149 927 275 1010 atque
285 929 398 1008 aeger
412 922 471 980 est
485 899 530 980 in
544 901 652 980 bona
667 929 746 1008 spe.
808 903 926 1016 Quid
940 927 1134 1010 praeterea
1148 935 1198 988 ex

149 1039 293 1120 crebra
325 1059 448 1145 atque
476 1037 594 1116 anxia
624 1037 752 1118 urinae
784 1037 1031 1145 inspectione
1061 1041 1197 1148 colligi

146 1175 289 1282 possit,
300 1175 446 1254 nescio.
505 1174 618 1254 Idem
630 1173 712 1256 fere
724 1175 775 1256 de
787 1197 958 1256 stercore
970 1177 1198 1260 dicendum

144 1331 232 1392 est:
261 1311 462 1391 nimirum
482 1339 566 1418 quo
584 1311 713 1418 magis
733 1313 969 1394 naturaliter
989 1341 1030 1394 se
1059 1311 1198 1416 habet,

145 1476 199 1530 eo
217 1447 348 1554 major
363 1447 512 1530 fiducia
523 1450 600 1530 erit
617 1471 664 1530 ut
678 1477 700 1530 e
719 1449 868 1530 morbo
880 1477 983 1556 aeger
1000 1474 1194 1558 assurgat.

147 1584 463 1698 Qualiscunque
488 1585 572 1692 ejus
596 1585 777 1666 conditio
801 1585 939 1686 fuerit,
967 1613 1060 1666 meo
1082 1586 1195 1694 judi-

145 1722 228 1822 cio,
256 1750 403 1829 parum
432 1723 527 1803 inde
557 1723 717 1828 colliget
739 1723 936 1823 medicus,
964 1751 1092 1830 quam
1109 1751 1196 1806 me-

144 1859 275 1940 dendi
294 1860 493 1940 rationem
512 1862 575 1941 vel
593 1859 737 1968 fugiat,
756 1860 820 1941 rel
840 1881 1044 1967 sequatur.

207 1999 256 2078 ln
274 1997 458 2080 febribus
478 1998 610 2104 longis
626 2021 666 2080 et
685 1997 917 2104 periculosis
932 1998 1048 2104 pueri
1067 2000 1196 2082 solent

145 2135 319 2216 tandem
343 2137 632 2232 obmutescere,
662 2155 702 2216 et
723 2161 802 2215 vox
828 2161 899 2242 per
925 2134 1009 2250 dies
1039 2135 1217 2243 aliquot·

147 2272 421 2380 supprimitur
439 2293 658 2379 postquam
682 2294 793 2352 extra
816 2297 938 2354 omne
964 2272 1196 2380 periculum

146 2409 345 2509 fuerunt3
375 2435 530 2516 semper
556 2431 694 2488 tamen
714 2409 832 2506 redit,
862 2437 995 2516 neque
1024 2411 1195 2492 omnino

146 2545 264 2628 triste
286 2527 506 2652 augurium
528 2545 778 2628 censendum
802 2569 872 2628 est.
930 2547 1044 2626 Tuto
1067 2546 1194 2654 etiam

147 2679 212 2783 fit,
236 2703 286 2762 ut
302 2681 533 2782 febrientes,
560 2703 646 2762 tam
665 2682 806 2784 adulti,
834 2709 962 2789 quam
986 2681 1115 2789 pueri,
1143 2677 1195 2764 ad

146 2841 311 2926 tempus
331 2819 505 2924 graviter
525 2819 704 2900 audiant.
1042 2801 1045 2812 ¹

204 2939 348 3040 Febres
364 2957 599 3038 adultorum
614 2959 854 3064 plerumque
866 2956 969 3037 leves
991 2977 1100 3056 sunt,
1118 2953 1193 3036 ubi

145 3093 302 3176 arteriae
318 3115 632 3176 moventurnon
650 3094 829 3176 crebrius
844 3119 971 3200 quam
985 3092 1133 3174 centies
1148 3090 1195 3170 in
1320 3105 1322 3110 ’

146 3230 393 3336 sexagesima
411 3231 520 3312 horae
540 3253 664 3338 parte,
682 3231 760 3312 nisi
775 3253 915 3338 torpor
933 3251 1003 3310 est.
1064 3225 1195 3339 Quod

145 3367 180 3450 si
207 3351 356 3449 centies
386 3390 425 3449 et
444 3367 610 3474 vigesies
634 3387 891 3468 moveantur,
917 3364 1087 3446 morbus
1108 3390 1194 3444 non

144 3506 312 3588 vocabit
329 3505 519 3612 periculo.

202 3643 267 3722 De
287 3644 414 3750 capite
434 3669 656 3750 puerorum
675 3643 837 3750 obstipo
856 3671 904 3724 ex
923 3641 1049 3742 febre,
1077 3667 1195 3748 quae-

143 3779 244 3860 dam
282 3779 392 3862 infra
419 3781 716 3891 praecipientur,
743 3782 818 3864 ubi
849 3781 901 3862 de
938 3805 1099 3886 spasmo
1133 3779 1193 3858 lo-

146 3913 365 4024 quendum
383 3939 453 4002 est.
