3104 5084
171 693 285 792 ravit
302 685 482 786 biduum
497 687 502 693 ’
516 717 735 812 postquam
769 691 941 812 pustuiae
984 703 1220 812 prodierant

171 848 340 942 Nausea,
367 823 617 942 etromitus,
646 865 686 923 et
704 843 786 924 cibi
813 843 1028 924 fastidium
1047 869 1219 923 accesse-

171 1003 267 1064 runt
287 981 375 1084 ipso
404 979 542 1060 morbi
562 979 694 1080 initio,
728 1007 802 1061 nec
832 981 965 1060 multo
983 1001 1075 1060 ante
1100 975 1229 1062 finem

174 1117 256 1226 ejus
286 1117 514 1216 desierunt;
544 1115 622 1197 hoc
652 1135 790 1196 tamen
809 1143 950 1197 rarum
978 1138 1048 1198 est
1107 1117 1224 1196 Non·

173 1257 294 1340 nullis
310 1283 373 1338 res
389 1253 491 1334 adeo
503 1255 606 1334 bene
619 1253 747 1354 cessit,
765 1277 848 1334 uta
866 1253 994 1354 febre,
1011 1275 1051 1334 et
1067 1253 1119 1333 ab
1136 1281 1226 1333 om-

175 1393 299 1474 nibus
311 1391 395 1473 fere
406 1391 523 1471 malis
535 1391 653 1472 liberi
664 1389 839 1491 fuerint3
860 1418 992 1498 neque
1005 1419 1045 1472 se
1057 1391 1102 1470 in
1114 1417 1228 1474 mor-

174 1529 229 1612 bo
248 1531 337 1612 esse'
363 1529 554 1635 suspicati
583 1527 679 1626 sint,
705 1527 834 1610 donec
854 1527 961 1608 illius
990 1529 1099 1608 not's
1119 1527 1223 1609 cutis

174 1669 349 1754 ruberet.
410 1669 510 1780 Quo
539 1667 726 1774 graviora
743 1667 899 1750 fuerint
927 1667 1044 1774 signa
1072 1689 1228 1749 antece-

177 1807 328 1906 dentia,
366 1829 406 1887 et
445 1833 531 1913 quo
567 1805 724 1886 diutius
758 1805 997 1906 manserint,
1029 1833 1078 1885 eo
1114 1804 1228 1912 pejor

177 1942 259 2026 fuit
278 1927 462 2024 morbus.

230 2081 312 2162 Die
324 2081 470 2187 primo.
495 2080 546 2160 In
560 2108 647 2160 uno
659 2101 782 2188 atque
797 2079 936 2182 altero,
949 2078 1130 2161 morbilli
1143 2079 1230 2187 ipso

179 2219 316 2326 primo
345 2216 410 2298 die
437 2217 602 2298 brachia
631 2241 944 2324 occupaverunt,
973 2217 1110 2324 paucis
1141 2237 1231 2298 tan·

158 2355 400 2438 ,tummodo
421 2354 532 2436 horis
552 2375 643 2462 post
675 2355 822 2436 faciem
841 2378 881 2437 et
900 2357 1062 2437 collum
1123 2355 1233 2437 Cum

178 2513 316 2574 tamen
343 2491 421 2572 hoc
441 2512 527 2572 tam
556 2519 646 2572 raro
667 2493 895 2598 contigerit,
925 2489 1014 2576 fieri
1034 2511 1165 2598 potest
1182 2513 1235 2572 ut
1264 2477 1267 2484 ¹

179 2629 223 2710 in
242 2629 497 2737 paucissimis
518 2629 609 2728 illis,
629 2629 781 2736 quibus
801 2629 880 2712 hoe
893 2631 1076 2713 obtinere
1094 2629 1232 2712 visum

181 2789 253 2866 est,
281 2765 465 2846 morbiili
498 2793 636 2846 revera
668 2765 815 2848 faciem
851 2767 1043 2873 opinione
1076 2765 1232 2848 diutius

184 2902 503 3009 occupavissent.
563 2905 611 2982 ln
646 2905 842 3011 quodam,
875 2930 949 2986 nec
986 2901 1121 3002 tussis,
1158 2927 1233 2984 nec
1321 3005 1323 3008 Ι

186 3060 557 3122 sternutamentum
576 3042 751 3141 accessit,
770 3041 848 3120 nisi
868 3041 956 3147 ipso
976 3040 1233 3146 pustularum

186 3174 283 3262 die.¹
323 3177 530 3260 Morbillis
558 3179 799 3260 exeuntibus
820 3205 924 3284 aeger
952 3205 1037 3258 non
1065 3177 1236 3277 levatur,

187 3314 544 3423 quemadmodum
556 3313 605 3397 fit
623 3317 667 3396 in
684 3317 858 3398 variolis.
903 3315 952 3394 In
965 3315 1161 3423 quodam,
1175 3343 1236 3396 sa·

188 3451 277 3534 livae
297 3451 554 3560 profluvium
577 3454 654 3536 hoc
674 3455 808 3561 primo
837 3453 903 3534 die
923 3451 1170 3553 factumest,
1197 3471 1237 3535 et

188 3589 369 3674 biduum
399 3592 680 3698 perseveravit,
708 3619 840 3698 neque
872 3619 1028 3672 aerrum
1054 3591 1149 3672 sivit
1173 3591 1237 3670 in·

189 3727 325 3810 terdiu
347 3729 643 3836 conquiescere,
673 3751 745 3810 aut
763 3751 890 3810 noctu
918 3727 1123 3828 dormire;
1153 3747 1238 3808 tus-
1353 3761 1372 3834 3

191 3863 243 3946 sis
276 3866 429 3947 interea
461 3865 545 3948 fere
579 3867 759 3968 cessavit,
788 3889 827 3949 et
861 3866 1033 3947 morbus
1070 3889 1239 3948 cursum

194 4028 318 4086 suurn
337 4001 513 4088 confecit
531 4005 619 4085 sine
637 4005 822 4112 quolibet
842 4003 959 4109 signo
978 4003 1174 4110 graviore.

250 4139 330 4222 Die
362 4139 550 4224 secundo.
610 4145 732 4241 Raro,
760 4141 823 4221 vel
856 4165 1075 4247 nunquam
1104 4135 1165 4238 fit,
1192 4157 1242 4222 ut

196 4297 301 4358 notae
313 4277 616 4380 morbillorum,
630 4307 720 4387 quae
734 4279 912 4360 secundo
924 4277 989 4358 die
1001 4277 1046 4357 in
1065 4275 1241 4358 brachiis

188 4399 238 4500 's't
254 4415 448 4518 manibus
465 4417 644 4528 conspici
663 4417 805 4538 solent,
823 4443 910 4497 non
927 4413 1146 4500 antediem
1163 4433 1243 4497 ter·
1337 4387 1341 4406 ’
