3002 5086
646 501 744 602 nol

110 775 112 780 -
174 697 315 800 autem
343 709 471 793 animi
491 707 535 789 in
560 729 724 790 tantum
743 705 997 814 reficiuntur,
1024 737 1073 796 ut
1098 715 1222 801 inter-

173 855 281 935 dum
300 848 420 934 nimii
435 848 537 947 sint3
566 846 719 968 quibus
735 845 819 928 frui
834 851 1054 956 cupientes,
1072 875 1112 938 et
1125 853 1222 938 hor·

173 1012 308 1072 rentes
323 1011 530 1092 angorem,
546 983 620 1089 qui
636 1011 706 1090 per
721 985 903 1092 quietem
914 987 1032 1090 redit,
1046 1017 1131 1072 non
1142 993 1223 1074 nisi

173 1155 264 1210 sero
285 1106 463 1206 et'inviti
482 1123 632 1202 lectum
653 1144 808 1228 petunt.
874 1233 876 1238 ,

230 1259 418 1366 Cognovi
437 1279 515 1378 tres
542 1257 729 1339 homines
749 1259 887 1366 quiin
916 1259 1160 1368 exploranda
1182 1287 1224 1348 et

171 1399 400 1483 olfacienda
413 1396 506 1478 thee
520 1397 717 1504 occupati,
735 1399 981 1479 tremoribus
997 1423 1120 1508 atque
1135 1403 1222 1484 aliis
1324 1454 1330 1478 s

171 1533 541 1648 hypochondriacis
557 1535 673 1614 malis
689 1533 830 1616 afflicti
846 1557 955 1634 sunt,
975 1565 1066 1644 quae
1082 1541 1223 1622 omnia

172 1673 279 1756 theae
309 1675 583 1778 imputarunt;
613 1694 782 1772 rectene,
810 1699 863 1752 an
893 1700 1020 1772 secus,
1045 1673 1224 1758 viderint

173 1812 244 1892 alii
264 1811 338 1918 qui
358 1809 571 1916 ampliores
592 1810 699 1890 nacti
715 1833 811 1889 sunt
827 1810 1051 1892 occasiones
1071 1813 1224 1920 perspi·
1257 1893 1259 1897 .

175 1949 314 2030 ciendi
334 1947 437 2056 quid
457 1947 500 2026 in
519 1945 595 2028 hac
610 1925 656 2026 're
676 1975 821 2027 verum
840 1947 901 2027 sit.

233 2087 506 2192 Tempestates
519 2085 617 2165 anni
628 2084 820 2188 videntur
834 2083 937 2164 nihil
951 2086 1079 2168 valere
1093 2071 1156 2168 vel
1171 2089 1224 2171 ad

175 2211 510 2330 exasperandum,
523 2222 585 2301 vel
597 2221 648 2300 ad
661 2219 879 2301 levandum
893 2221 1004 2302 hunc
1015 2219 1223 2324 affectumg

179 2359 253 2468 qui
268 2359 391 2440 etiam
403 2357 590 2465 quamvis
606 2379 801 2463 cognatus
817 2380 876 2442 est
890 2358 1099 2465 epilepsiae,
1118 2359 1225 2443 insa-

176 2497 270 2598 niae,
297 2519 337 2578 et
355 2496 541 2606 paralysi,
559 2495 884 2604 haudquaquam
903 2518 1041 2578 tamen
1055 2525 1225 2582 consue-

179 2633 240 2715 vit
258 2633 302 2712 in
317 2633 406 2713 illos
425 2630 591 2714 morbos
611 2633 801 2714 desinere.

234 2771 292 2850 Ea
310 2792 369 2850 est
383 2769 566 2851 conditio
584 2767 707 2876 hujus
724 2769 1009 2876 aegrotationis,
1027 2793 1075 2854 ut
1091 2771 1164 2880 qui
1176 2799 1225 2852 ea

180 2907 377 3008 laborant,
397 2933 553 3014 semper
571 2905 784 3014 desperent
802 2907 853 2989 de
872 2908 1099 3014 recipienda
1119 2910 1225 2990 sani-

179 3065 276 3126 tate:
306 3043 375 3124 sed
395 3044 491 3124 huic
511 3043 779 3152 desperationi
797 3071 896 3124 usus
925 3065 964 3124 et
982 3043 1085 3126 ratio
1104 3045 1225 3126 veho-

176 3203 336 3262 menter
347 3203 587 3290 repugnant.
633 3181 808 3281 Etenim,
821 3203 1026 3288 quantum
1039 3183 1223 3264 sensibus

177 3319 325 3400 nostris
338 3341 459 3426 patet,
471 3315 638 3425 singulae
648 3319 825 3426 corporis
839 3341 967 3424 partes
979 3319 1084 3400 inter
1092 3341 1223 3402 tantas

176 3455 358 3537 miserias
377 3457 542 3562 integrae
558 3478 727 3562 manent
741 3477 781 3536 et
795 3455 936 3536 illaesae.
996 3457 1116 3538 Mens
1132 3455 1226 3564 qui-

177 3593 287 3693 dem,
315 3615 356 3674 et
373 3592 581 3675 facultates
611 3594 812 3674 naturales
836 3593 1140 3699 opprimuntur,
1161 3595 1240 3700 jar

176 3751 370 3836 centque3
400 3731 470 3810 sed
502 3730 615 3810 nulla
648 3737 808 3836 accepta
844 3753 903 3810 est
940 3731 1102 3836 injuria,
1131 3757 1223 3836 quae

175 3893 241 3948 eas
250 3866 295 3945 in
303 3866 523 3973 pristinum
533 3888 685 3948 statum
694 3867 850 3948 restitui
859 3867 1082 3974 prohibeat.
1109 3867 1224 3946 Tum

177 4001 527 4112 hypochondriaci
557 4031 660 4111 saepe
692 4031 773 4110 prae
808 4033 849 4086 se
879 4003 1019 4084 ferunt
1046 4002 1224 4086 colorem

177 4141 426 4254 vultumque
444 4169 652 4242 sanorum,
672 4169 805 4248 neque
824 4169 984 4248 corpus,
1002 4167 1076 4220 nec
1096 4141 1224 4224 robur
1278 4140 1280 4148 ’

176 4277 399 4358 amittunt:
429 4279 481 4359 ad
495 4279 594 4380 haec,
609 4277 925 4359 intermissiones
942 4297 1051 4376 sunt,
1066 4275 1110 4356 in
1130 4277 1225 4384 qui-

172 4407 255 4496 ·bus
271 4411 472 4504 fruuntur
490 4416 685 4501 omnibus
704 4415 869 4524 integrae
891 4411 1132 4500 valetudinis
1152 4439 1224 4498 vo-
