3104 5084
783 435 887 538 alo

1468 106 1469 154 l

1469 184 1470 222 l

1470 260 1471 300 l

312 649 540 764 dicamenta
559 677 725 760 quoque
738 650 849 734 intus
868 649 963 732 data
973 675 1224 759 supervacua
1243 674 1355 747 sunu
1474 646 1476 714 l

248 791 252 804 ’
313 789 384 870 aed
403 817 427 868 a
445 787 557 868 victu
582 788 735 870 salubri
757 810 799 870 et
826 786 1035 874 moderato
1053 788 1227 870 unicum
1255 817 1354 896 prae-
1475 724 1479 940 ἱ

316 913 469 1006 eidium
494 926 717 1031 petendum
735 948 803 1006 esa
862 925 1023 1006 Tumor
1041 951 1233 1006 mammae
1262 927 1355 1008 scir·
1479 956 1480 1016 l

314 1061 458 1144 rhosue
468 1063 676 1144 interdum
685 1063 794 1144 ultro
804 1061 995 1162 subridit3
1011 1061 1124 1167 quod
1136 1063 1226 1168 plus
1236 1063 1355 1144 semel
1388 1070 1392 1078 '

315 1198 412 1280 vidi.
471 1201 520 1280 In
548 1199 727 1306 quadam
746 1199 914 1306 muliere
933 1227 978 1280 ea
997 1220 1081 1278 erat
1103 1197 1247 1280 acirrhi
1261 1227 1356 1281 con·

315 1335 431 1435 ditm,
449 1357 497 1418 ut
515 1337 647 1418 futuri
662 1335 940 1418 carcinomatis
961 1353 1119 1414 metum
1139 1333 1355 1436 incuteret;

313 1471 453 1579 itaque
470 1501 511 1554 re
530 1473 656 1582 probe
669 1498 863 1580 perpensa
877 1469 1140 1578 praestabilius
1153 1463 1288 1552 'visum
1300 1493 1359 1554 est

315 1635 412 1689 eum
437 1609 640 1692 excidere:
670 1610 805 1690 nescio
830 1637 913 1715 quo
937 1635 1033 1688 casu
1057 1607 1358 1710 interveniente,

313 1772 430 1826 mora
444 1746 581 1853 aliqua
594 1745 700 1828 facta
711 1767 832 1846 est,.et
851 1767 990 1824 tumor
1009 1743 1266 1851 aliquantum
1275 1746 1356 1830 *mi-

313 1883 390 1962 nui
408 1905 448 1963 et
462 1885 690 1964 mollescere
709 1885 852 1988 coepit;
882 1909 1014 2000 neque
1034 1880 1215 1986 profecto
1233 1909 1355 1964 cessa-

313 2019 388 2118 vit,
415 2019 544 2100 donec
570 2019 731 2126 penitus
760 2040 998 2100 consumtus
1018 2039 1089 2098 est.
1147 2019 1353 2123 Perpaucis

271 2181 275 2193 ·
316 2182 412 2234 vero
446 2155 617 2260 contigit
646 2182 729 2236 esse
760 2176 846 2236 tam
877 2153 1088 2254 felicibue;
1118 2181 1354 2261 quanquam

316 2289 493 2372 ocirrhus
514 2319 703 2372 mamma
719 2292 764 2372 in
779 2293 930 2372 multos
946 2317 1072 2370 annos
1088 2317 1172 2370 non
1187 2317 1278 2372 raro
1294 2313 1356 2372 tu-

192 2472 200 2481 ·
314 2455 429 2509 more
457 2456 502 2510 ac
533 2429 671 2510 dolore
690 2449 815 2528 vacet,
843 2427 1018 2508 maxime
1045 2428 1120 2507 ubi
1150 2450 1269 2508 natus
1299 2413 1356 2509 e'st

314 2587 407 2648 ante
426 2566 550 2648 aetatis
570 2594 729 2647 annum
743 2567 1011 2673 trigesimum.
1071 2565 1185 2646 Circa
1200 2575 1355 2662 anniam
1472 2649 1477 2660 ,

316 2702 690 2810 quadragesimum,
702 2725 773 2784 aut
786 2703 925 2802 serius,
939 2703 1148 2784 tubercula
1162 2702 1266 2784 dura
1279 2703 1355 2785 fre-

315 2838 838 2944 quentissime-oriunturin
851 2837 1055 2938 mammis,
1066 2859 1105 2920 et
1117 2838 1354 2947 plerumque

314 3002 401 3058 non
420 2975 505 3057 sine
523 2977 712 3082 periculo.
771 2975 947 3057 Memini
967 2997 1101 3056 tamen
1121 2977 1355 3082 glandulam

315 3139 506 3192 mammae
540 3114 584 3192 in
604 3112 905 3220 septuagenaria
937 3112 1166 3194 induruisse
1198 3113 1244 3192 in
1264 3113 1355 3194 scir·

314 3247 454 3348 rhum,
483 3248 557 3355 qui
587 3277 720 3358 neque
751 3250 928 3350 dolebat,
956 3277 1089 3356 neque
1118 3250 1203 3330 ullo
1233 3249 1353 3332 modo

313 3385 506 3466 molestus
526 3409 623 3486 erat,
651 3413 724 3468 nec
743 3385 956 3468 videbatur
972 3386 1196 3493 quicquam
1210 3387 1353 3469 habere

314 3547 535 3602 commune
555 3550 652 3604 cum
672 3523 833 3622 morb0,
862 3523 935 3630 qui
955 3521 1080 3606 finem
1099 3523 1190 3604 vitae
1210 3524 1351 3606 attulit.

315 3655 439 3736 Binos
453 3657 592 3738 curavi
608 3657 715 3738 viros
728 3659 771 3738 in
785 3687 966 3764 quorum
978 3659 1167 3740 mammis
1181 3659 1352 3744 scirrhus
1408 3752 1411 3758 A

314 3791 445 3874 factus
461 3815 533 3893 est,
548 3821 710 3902 prorsus
724 3795 865 3876 similis
877 3797 999 3897 illius,
1012 3823 1138 3903 quem
1148 3797 1254 3883 inter
1264 3825 1354 3878 mu-

313 3928 425 4010 lieres
447 3931 629 4035 quotidie
649 3932 849 4012 videmus.
906 3935 1034 4044 Alteri
1053 3934 1204 4016 horum
1227 3961 1354 4014 mam-

311 4091 381 4145 ma
417 4062 505 4146 fieri
551 4068 677 4174 coepit
714 4068 1042 4172 carcinomatosa,
1084 4091 1127 4152 et
1168 4096 1381 4177 prospere.

312 4201 566 4284 abscissaest.
1173 4227 1176 4236 '

366 4339 473 4418 Cum
489 4361 627 4424 tumor
639 4318 716 4450 'huj
723 4372 768 4424 us
783 4343 906 4450 partis
922 4343 1050 4426 durus
1069 4343 1237 4452 coeperit
1254 4367 1354 4450 pun-
