3104 5084
624 880 732 965 Car.
754 887 821 966 60.

414 1041 484 1125 De
505 1039 722 1126 Glorrdulis
741 1044 1032 1156 Lymphatr'cr's.

254 1202 539 1286 Ennnnsnnn
568 1204 813 1288 cantharidis
843 1207 972 1288 solent
997 1206 1241 1291 tumefacere

200 1339 408 1446 glandulas
423 1341 689 1450 lymphaticos
702 1341 852 1424 vicinas
865 1343 982 1450 parti,
996 1343 1064 1426 cui
1078 1345 1242 1427 admota

201 1499 321 1578 tnnt3
356 1477 430 1586 qui
459 1501 603 1560 tumor
636 1481 876 1588 plerumque
906 1479 1021 1561 brevi
1054 1481 1239 1564 subsidit.

195 1611 328 1696 Semel
344 1635 480 1696 tamen
493 1607 709 1698 brachium
723 1617 961 1698 universum
975 1644 1023 1698 ex
1035 1616 1109 1698 hac
1121 1645 1243 1700 causa

200 1768 357 1832 tumere
375 1750 529 1834 diutius
549 1751 731 1859 perstitit
769 1751 1043 1859 “Hujusmodi
1071 1754 1243 1860 emplas-

199 1905 312 1971 trum
327 1887 449 1996 capiti
467 1887 682 1970 admotum
697 1887 742 1968 in
757 1915 842 1968 non
853 1888 990 1996 paucis
1010 1888 1125 1994 aegris
1140 1888 1240 1970 adeo

198 2019 411 2128 impedivit
430 2023 607 2134 lymphae
626 2051 807 2125 cursum,
824 2047 872 2106 ut
885 2025 999 2108 frons
1012 2046 1096 2107 tota
1110 2026 1155 2106 in
1174 2049 1240 2107 tu·

198 2186 356 2242 morem
375 2163 582 2273 ingentem
601 2162 859 2244 assurrexerit
875 2163 1053 2258 biduum
1072 2190 1240 2245 manen-

198 2313 306 2397 tem;
336 2296 411 2404 qui
440 2297 586 2380 deinde
612 2297 761 2379 sensim
792 2298 998 2380 descendit
1026 2300 1072 2380 in
1104 2327 1240 2406 genas,

196 2455 400 2536 mentum,
427 2455 470 2517 et'
485 2417 654 2536 collum,¹
678 2435 993 2544 priusquamex
1020 2457 1107 2517 toto
1136 2437 1239 2516 desi-

198 2593 324 2652 neret.
417 2583 422 2598 ’

254 2707 304 2788 ln
324 2709 472 2810 vetula,
500 2737 591 2818 quae
611 2709 852 2792 valetudinis
881 2731 966 2792 erat
993 2710 1240 2818 caeteroquin
1309 2778 1312 2823 ἵ

195 2871 281 2926 non
292 2846 578 2948 incommoda,
589 2869 629 2928 et
640 2846 754 2953 cujus
767 2873 958 2926 mammae
968 2847 1082 2927 nullo
1091 2847 1238 2927 morbo

196 2981 471 3082 tentabantur,
485 2979 740 3092 lymphatica
752 2981 954 3090 glandula,
968 2982 1013 3062 in
1028 2981 1144 3062 axilla
1156 3009 1239 3063 coe-

196 3139 348 3222 perunt
372 3140 542 3220 tumere,
569 3135 609 3201 et
627 3119 812 3226 deinceps
841 3117 1057 3202 brachium
1075 3117 1241 3198 univer-

194 3283 305 3357 sum,
334 3279 374 3338 et
410 3285 570 3358 manus,
601 3257 647 3337 in
683 3257 933 3338 immensum
965 3276 1208 3337 tumuerunt
1219 3289 1238 3370 ις

199 3413 340 3473 tamen
358 3393 521 3473 nullum
539 3393 723 3500 impressi
742 3389 860 3499 digiti
875 3391 1093 3498 vestigium
1112 3415 1243 3474 serva-

195 3529 322 3612 bant:
352 3529 438 3638 ipsa
457 3558 552 3611 vero
566 3553 614 3612 ex
633 3529 711 3612 hoc
729 3559 824 3611 casu
840 3529 958 3611 'brevi
976 3551 1140 3648 mortua
1167 3551 1237 3610 est.

196 3665 300 3747 ltem
305 3665 469 3774 juvenis
481 3665 695 3774 cujusdam
705 3689 826 3774 caput
836 3667 1240 3774 pectusqueinmag-

195 3829 296 3886 nam
308 3805 459 3886 molem
468 3803 766 3906 attollebantur,
776 3803 906 3911 digito
917 3830 1002 3885 non
1013 3803 1239 3902 cedentem3

197 3969 311 4022 venae
331 3941 500 4048 pectoris
519 3939 668 4024 inflatae
688 3963 814 4042 erant,
842 3940 1012 4022 maxilla
1036 3939 1241 4038 dolebant,

198 4077 339 4186 vigilia
350 4102 447 4178 erat,
458 4102 497 4162 et
505 4077 683 4188 spirandi
692 4077 925 4178 difficultas;
939 4077 1008 4158 vix
1019 4075 1242 4176 sustinebat

193 4215 340 4324 jacere,
367 4239 407 4302 et
425 4239 516 4326 post
534 4245 681 4327 paucos
701 4242 857 4300 menses
876 4213 1076 4298 extinctus
1094 4231 1164 4294 est.
