3002 5086
650 427 680 443 '‘
772 463 870 564 ret

297 684 343 766 lae
363 683 493 764 unciae
505 681 612 762 binae
625 705 722 760 cum
737 677 909 758 totidem
923 676 1122 784 scrupulis
1137 677 1221 785 opii
1236 705 1338 787 aqua

298 821 467 902 emolliti
474 855 486 920 ;
506 817 627 924 hujus
640 813 842 922 unguenti
854 816 1061 895 tantillum
1073 815 1178 923 parti
1190 816 1337 898 dolenti

220 1013 223 1024 Α
299 954 605 1036 admovendum
617 974 685 1034 est.
727 951 927 1031 Nondum
940 951 1032 1032 satis
1046 953 1258 1058 cognitum
1270 952 1337 1033 ha-

299 1095 391 1190 beo,
404 1093 598 1199 opiumne
611 1090 666 1169 sic
679 1088 912 1169 adhibitum
924 1117 987 1170 eas
999 1105 1125 1171 venas
1133 1091 1233 1170 solas
1247 1091 1338 1171 sub*

300 1231 417 1329 levet,
446 1257 498 1308 an
518 1228 652 1335 potius
671 1253 816 1306 nervos
836 1227 1044 1309 universos
1073 1229 1338 1334 permulceat;

302 1395 429 1474 quam
441 1365 632 1444 norimus
645 1391 727 1442 esse
742 1363 865 1468 hujus
881 1351 1165 1446 medicamenti
1176 1363 1339 1444 faculta-

301 1527 398 1603 tem,
427 1501 550 1582 simul
570 1515 615 1580 ac
634 1499 921 1602 ventriculum,
950 1523 1020 1582 aut
1039 1503 1229 1583 intestina
1247 1507 1338 1582 cori-

301 1641 441 1746 tingat.
484 1640 671 1742 Dolorex
684 1637 796 1718 venis
811 1639 1069 1743 turgentibus
1084 1639 1267 1738 lenietur,
1278 1637 1338 1718 vel

301 1775 483 1875 cessabit,
507 1773 817 1882 quamprimum
836 1801 906 1880 per
925 1777 1171 1882 scalpellum,
1188 1776 1252 1856 vel
1279 1773 1339 1854 hi·

281 1908 479 2012 sudines,
490 1911 784 1992 exinaniantur.
829 1911 1042 2012 Nonnulli,
1054 1940 1158 2020 quos
1169 1888 1339 1992 haimor-

300 2050 460 2132 rho'ides
490 2049 593 2128 male
612 2048 831 2149 habebant,
860 2050 981 2130 semel
1000 2071 1040 2129 et
1059 2049 1210 2129 iterum
1238 2046 1337 2129 mihi

253 2219 255 2226 ¹
300 2207 532 2284 narrarunt,
551 2213 665 2291 aquae
686 2184 730 2264 in
746 2213 829 2291 qua
847 2185 948 2266 buxi
962 2184 1060 2264 folia
1073 2185 1219 2292 injecta
1229 2203 1338 2264 erant

297 2323 447 2402 libram
466 2349 585 2402 mane
604 2343 643 2401 et
658 2347 818 2426 vespere
836 2341 998 2428 epotam
1017 2322 1196 2402 maximo
1215 2311 1335 2402 fuisse

299 2459 473 2556 auxili03
504 2458 617 2564 quod
628 2481 765 2538 tamen
777 2458 862 2538 aliis
878 2485 963 2537 non
975 2425 1185 2564 imperavi,
1198 2477 1333 2564 utpote

300 2623 434 2701 neque
449 2595 567 2676 citius
579 2621 652 2675 nec
667 2595 823 2701 plenius
848 2621 1051 2699 aegrorum
1062 2595 1166 2676 votis
1179 2607 1338 2700 respon-

269 2761 458 2833 surum,
487 2761 613 2840 quam
642 2731 818 2812 remedia
856 2756 948 2837 quae
987 2759 1108 2840 supra
1135 2731 1337 2840 proposita

302 2891 408 2950 sunt.

627 3051 1024 3070 mu*

623 3071 1022 3102 Ἠ

720 3269 827 3348 Can.
855 3270 921 3352 45.

690 3429 758 3510 De
776 3401 948 3513 Hernica.
1031 3493 1033 3500 Α

357 3587 725 3670 Mnnrcnuuura
756 3590 867 3671 intus
898 3589 991 3671 data
1017 3589 1062 3670 in
1087 3587 1165 3670 hoc
1194 3591 1335 3670 morbo

302 3715 398 3804 sunt
417 3751 535 3804 mern
556 3753 686 3830 nugae.
745 3727 929 3808 Unicum
944 3725 1171 3806 remedium
1186 3749 1245 3808 est
1262 3727 1338 3808 fas-

301 3861 362 3958 ,cia
377 3862 535 3968 corpori
550 3887 682 3970 aptata
698 3863 766 3966 sic,
784 3887 834 3962 ut
848 3865 1089 3964 intestinum
1104 3865 1336 3966 descendere

300 3995 522 4123 prohibeat..
