<?xml version="1.0" encoding="UTF-8"?>
<!DOCTYPE html PUBLIC "-//W3C//DTD XHTML 1.0 Transitional//EN"
    "http://www.w3.org/TR/xhtml1/DTD/xhtml1-transitional.dtd">
<html xmlns="http://www.w3.org/1999/xhtml" xml:lang="en" lang="en">
 <head>
  <title>
</title>
<meta http-equiv="Content-Type" content="text/html;charset=utf-8" />
  <meta name='ocr-system' content='tesseract 3.04.00' />
  <meta name='ocr-capabilities' content='ocr_page ocr_carea ocr_par ocr_line ocrx_word'/>
</head>
<body>
  <div class='ocr_page' id='page_1' title='image "./commentariidemo00hebegoog_0241.png"; bbox 0 0 3002 5086; ppageno 0'>
   <div class='ocr_carea' id='block_1_1' title="bbox 255 611 1352 877">
    <p class='ocr_par' dir='ltr' id='par_1_1' title="bbox 255 611 1352 877">
     <span class='ocr_line' id='line_1_1' title="bbox 304 611 1352 740; baseline 0.009 -26"><span class='ocrx_word' id='word_1_1' title='bbox 304 633 422 716; x_wconf 88' lang='lat' dir='ltr'>modi</span> <span class='ocrx_word' id='word_1_2' title='bbox 441 633 650 737; x_wconf 79' lang='lat' dir='ltr'><strong>morbum,</strong></span> <span class='ocrx_word' id='word_1_3' title='bbox 661 633 706 714; x_wconf 88' lang='lat' dir='ltr'>in</span> <span class='ocrx_word' id='word_1_4' title='bbox 718 611 803 740; x_wconf 80' lang='lat' dir='ltr'>quo</span> <span class='ocrx_word' id='word_1_5' title='bbox 818 632 957 716; x_wconf 89' lang='lat' dir='ltr'>omnia</span> <span class='ocrx_word' id='word_1_6' title='bbox 968 623 1238 716; x_wconf 79' lang='lat' dir='ltr'>calefacientia</span> <span class='ocrx_word' id='word_1_7' title='bbox 1252 655 1352 723; x_wconf 75' lang='lat' dir='ltr'>sunt</span> 
     </span>
     <span class='ocr_line' id='line_1_2' title="bbox 255 759 1352 877; baseline 0.004 -25"><span class='ocrx_word' id='word_1_8' title='bbox 255 791 257 802; x_wconf 87' lang='grc'><strong><em>·</em></strong></span> <span class='ocrx_word' id='word_1_9' title='bbox 305 759 472 870; x_wconf 52' lang='lat' dir='ltr'>aliena}</span> <span class='ocrx_word' id='word_1_10' title='bbox 487 771 539 850; x_wconf 91' lang='lat' dir='ltr'>ad</span> <span class='ocrx_word' id='word_1_11' title='bbox 558 795 650 876; x_wconf 85' lang='lat' dir='ltr'>quae</span> <span class='ocrx_word' id='word_1_12' title='bbox 680 792 817 852; x_wconf 87' lang='lat' dir='ltr'>tamen</span> <span class='ocrx_word' id='word_1_13' title='bbox 844 772 939 877; x_wconf 86' lang='lat' dir='ltr'>aegri</span> <span class='ocrx_word' id='word_1_14' title='bbox 968 793 1008 852; x_wconf 90' lang='lat' dir='ltr'>et</span> <span class='ocrx_word' id='word_1_15' title='bbox 1026 781 1167 877; x_wconf 83' lang='lat' dir='ltr'>sponte</span> <span class='ocrx_word' id='word_1_16' title='bbox 1196 802 1282 873; x_wconf 86' lang='lat' dir='ltr'>sua,</span> <span class='ocrx_word' id='word_1_17' title='bbox 1309 795 1352 856; x_wconf 86' lang='lat' dir='ltr'>et</span> 
     </span>
    </p>
   </div>
   <div class='ocr_carea' id='block_1_2' title="bbox 304 907 1483 1015">
    <p class='ocr_par' dir='ltr' id='par_1_2' title="bbox 304 907 1483 1015">
     <span class='ocr_line' id='line_1_3' title="bbox 304 907 1483 1015; baseline 0.002 -27"><span class='ocrx_word' id='word_1_18' title='bbox 304 909 531 990; x_wconf 83' lang='lat' dir='ltr'>amicorum</span> <span class='ocrx_word' id='word_1_19' title='bbox 551 907 791 1007; x_wconf 83' lang='lat' dir='ltr'><strong>hortatione,</strong></span> <span class='ocrx_word' id='word_1_20' title='bbox 819 909 941 992; x_wconf 88' lang='lat' dir='ltr'>nimis</span> <span class='ocrx_word' id='word_1_21' title='bbox 962 937 1064 1014; x_wconf 81' lang='lat' dir='ltr'>saepe</span> <span class='ocrx_word' id='word_1_22' title='bbox 1088 909 1349 1015; x_wconf 79' lang='lat' dir='ltr'>confugiunt.</span> <span class='ocrx_word' id='word_1_23' title='bbox 1482 972 1483 990; x_wconf 33' lang='lat' dir='ltr'>r</span> 
     </span>
    </p>
   </div>
   <div class='ocr_carea' id='block_1_3' title="bbox 189 1043 1363 3204">
    <p class='ocr_par' dir='ltr' id='par_1_3' title="bbox 189 1043 1363 3204">
     <span class='ocr_line' id='line_1_4' title="bbox 275 1043 1349 1151; baseline 0.002 -27"><span class='ocrx_word' id='word_1_24' title='bbox 275 1053 281 1062; x_wconf 88' lang='lat'>&#39;</span> <span class='ocrx_word' id='word_1_25' title='bbox 303 1045 469 1125; x_wconf 86' lang='lat' dir='ltr'>Curatio</span> <span class='ocrx_word' id='word_1_26' title='bbox 498 1043 545 1126; x_wconf 87' lang='lat' dir='ltr'>fit</span> <span class='ocrx_word' id='word_1_27' title='bbox 570 1071 640 1150; x_wconf 88' lang='lat' dir='ltr'>per</span> <span class='ocrx_word' id='word_1_28' title='bbox 667 1073 730 1128; x_wconf 83' lang='lat' dir='ltr'>eas</span> <span class='ocrx_word' id='word_1_29' title='bbox 756 1072 816 1125; x_wconf 83' lang='lat' dir='ltr'>res</span> <span class='ocrx_word' id='word_1_30' title='bbox 847 1071 938 1151; x_wconf 87' lang='lat' dir='ltr'>quae</span> <span class='ocrx_word' id='word_1_31' title='bbox 958 1046 1155 1127; x_wconf 90' lang='lat' dir='ltr'>minuunt</span> <span class='ocrx_word' id='word_1_32' title='bbox 1182 1043 1349 1126; x_wconf 87' lang='lat' dir='ltr'>inflam-</span> 
     </span>
     <span class='ocr_line' id='line_1_5' title="bbox 301 1183 1349 1289; baseline -0.006 -19"><span class='ocrx_word' id='word_1_33' title='bbox 301 1185 539 1281; x_wconf 86' lang='lat' dir='ltr'><strong>mationem,</strong></span> <span class='ocrx_word' id='word_1_34' title='bbox 566 1203 606 1262; x_wconf 89' lang='lat' dir='ltr'>et</span> <span class='ocrx_word' id='word_1_35' title='bbox 625 1183 764 1262; x_wconf 88' lang='lat' dir='ltr'>alvum</span> <span class='ocrx_word' id='word_1_36' title='bbox 783 1205 962 1264; x_wconf 89' lang='lat' dir='ltr'>movent.</span> <span class='ocrx_word' id='word_1_37' title='bbox 1022 1183 1152 1288; x_wconf 81' lang='lat' dir='ltr'>Igitur</span> <span class='ocrx_word' id='word_1_38' title='bbox 1182 1183 1349 1289; x_wconf 80' lang='lat' dir='ltr'>sanguis</span> 
     </span>
     <span class='ocr_line' id='line_1_6' title="bbox 214 1315 1350 1425; baseline -0.002 -23"><span class='ocrx_word' id='word_1_39' title='bbox 214 1398 217 1402; x_wconf 83' lang='grc'><em>,</em></span> <span class='ocrx_word' id='word_1_40' title='bbox 301 1317 417 1399; x_wconf 88' lang='lat' dir='ltr'>toties</span> <span class='ocrx_word' id='word_1_41' title='bbox 437 1315 708 1399; x_wconf 87' lang='lat' dir='ltr'>detrahendus</span> <span class='ocrx_word' id='word_1_42' title='bbox 727 1337 799 1418; x_wconf 82' lang='lat' dir='ltr'>est,</span> <span class='ocrx_word' id='word_1_43' title='bbox 818 1318 976 1425; x_wconf 89' lang='lat' dir='ltr'>quoties</span> <span class='ocrx_word' id='word_1_44' title='bbox 993 1320 1110 1400; x_wconf 87' lang='lat' dir='ltr'>dolor</span> <span class='ocrx_word' id='word_1_45' title='bbox 1124 1340 1169 1400; x_wconf 89' lang='lat' dir='ltr'>et</span> <span class='ocrx_word' id='word_1_46' title='bbox 1182 1316 1350 1400; x_wconf 87' lang='lat' dir='ltr'>inflam-</span> 
     </span>
     <span class='ocr_line' id='line_1_7' title="bbox 300 1453 1348 1574; baseline 0.002 -40"><span class='ocrx_word' id='word_1_47' title='bbox 300 1455 427 1552; x_wconf 83' lang='lat' dir='ltr'>matio</span> <span class='ocrx_word' id='word_1_48' title='bbox 465 1456 681 1574; x_wconf 85' lang='lat' dir='ltr'>postulent,</span> <span class='ocrx_word' id='word_1_49' title='bbox 719 1476 760 1535; x_wconf 90' lang='lat' dir='ltr'>et</span> <span class='ocrx_word' id='word_1_50' title='bbox 797 1455 899 1536; x_wconf 81' lang='lat' dir='ltr'>viret</span> <span class='ocrx_word' id='word_1_51' title='bbox 939 1453 1084 1538; x_wconf 75' lang='lat' dir='ltr'>sinant</span> <span class='ocrx_word' id='word_1_52' title='bbox 1154 1455 1348 1536; x_wconf 86' lang='lat' dir='ltr'>Proximo</span> 
     </span>
     <span class='ocr_line' id='line_1_8' title="bbox 301 1591 1351 1692; baseline 0 -20"><span class='ocrx_word' id='word_1_53' title='bbox 301 1592 390 1674; x_wconf 88' lang='lat' dir='ltr'>loco</span> <span class='ocrx_word' id='word_1_54' title='bbox 409 1591 652 1674; x_wconf 90' lang='lat' dir='ltr'>tentandum</span> <span class='ocrx_word' id='word_1_55' title='bbox 680 1614 740 1672; x_wconf 85' lang='lat' dir='ltr'>est</span> <span class='ocrx_word' id='word_1_56' title='bbox 757 1593 965 1692; x_wconf 87' lang='lat' dir='ltr'>balneum,</span> <span class='ocrx_word' id='word_1_57' title='bbox 993 1613 1033 1674; x_wconf 92' lang='lat' dir='ltr'>et</span> <span class='ocrx_word' id='word_1_58' title='bbox 1052 1592 1102 1672; x_wconf 91' lang='lat' dir='ltr'>ad</span> <span class='ocrx_word' id='word_1_59' title='bbox 1126 1591 1351 1672; x_wconf 86' lang='lat' dir='ltr'>arbitrium</span> 
     </span>
     <span class='ocr_line' id='line_1_9' title="bbox 227 1697 1363 1836; baseline 0 -26"><span class='ocrx_word' id='word_1_60' title='bbox 227 1771 230 1780; x_wconf 87' lang='lat'><em>·</em></span> <span class='ocrx_word' id='word_1_61' title='bbox 301 1697 398 1834; x_wconf 47' lang='lat' dir='ltr'>ae&#39;gri</span> <span class='ocrx_word' id='word_1_62' title='bbox 417 1728 691 1836; x_wconf 89' lang='lat' dir='ltr'>repetendum.</span> <span class='ocrx_word' id='word_1_63' title='bbox 750 1729 932 1830; x_wconf 87' lang='lat' dir='ltr'>Dolores,</span> <span class='ocrx_word' id='word_1_64' title='bbox 949 1749 1161 1836; x_wconf 87' lang='lat' dir='ltr'>utcunque</span> <span class='ocrx_word' id='word_1_65' title='bbox 1179 1729 1363 1829; x_wconf 78' lang='lat' dir='ltr'>atroces,&#39;</span> 
     </span>
     <span class='ocr_line' id='line_1_10' title="bbox 300 1863 1350 1973; baseline 0 -27"><span class='ocrx_word' id='word_1_66' title='bbox 300 1865 383 1947; x_wconf 87' lang='lat' dir='ltr'>fere</span> <span class='ocrx_word' id='word_1_67' title='bbox 413 1893 570 1972; x_wconf 81' lang='lat' dir='ltr'>semper</span> <span class='ocrx_word' id='word_1_68' title='bbox 599 1865 907 1972; x_wconf 90' lang='lat' dir='ltr'>conquiescunt,</span> <span class='ocrx_word' id='word_1_69' title='bbox 936 1863 1139 1973; x_wconf 88' lang='lat' dir='ltr'>quamdiu</span> <span class='ocrx_word' id='word_1_70' title='bbox 1169 1891 1273 1970; x_wconf 86' lang='lat' dir='ltr'>aeger</span> <span class='ocrx_word' id='word_1_71' title='bbox 1301 1865 1350 1946; x_wconf 90' lang='lat' dir='ltr'>in</span> 
     </span>
     <span class='ocr_line' id='line_1_11' title="bbox 277 1995 1348 2110; baseline -0.003 -24"><span class='ocrx_word' id='word_1_72' title='bbox 277 2003 444 2086; x_wconf 81' lang='lat' dir='ltr'>‘balneo</span> <span class='ocrx_word' id='word_1_73' title='bbox 478 1995 692 2086; x_wconf 84' lang='lat' dir='ltr'>remaneat.</span> <span class='ocrx_word' id='word_1_74' title='bbox 750 2005 957 2102; x_wconf 78' lang='lat' dir='ltr'>Fomenta,</span> <span class='ocrx_word' id='word_1_75' title='bbox 983 2023 1024 2082; x_wconf 90' lang='lat' dir='ltr'>et</span> <span class='ocrx_word' id='word_1_76' title='bbox 1057 2001 1195 2082; x_wconf 83' lang='lat' dir='ltr'>vesicae</span> <span class='ocrx_word' id='word_1_77' title='bbox 1236 2029 1348 2110; x_wconf 88' lang='lat' dir='ltr'>aqua</span> 
     </span>
     <span class='ocr_line' id='line_1_12' title="bbox 206 2137 1348 2246; baseline 0.007 -31"><span class='ocrx_word' id='word_1_78' title='bbox 206 2209 209 2215; x_wconf 89' lang='lat'>.</span> <span class='ocrx_word' id='word_1_79' title='bbox 300 2140 429 2222; x_wconf 89' lang='lat' dir='ltr'>calida</span> <span class='ocrx_word' id='word_1_80' title='bbox 446 2139 686 2246; x_wconf 74' lang='lat' dir='ltr'>semiplena,</span> <span class='ocrx_word' id='word_1_81' title='bbox 700 2139 833 2219; x_wconf 84' lang='lat' dir='ltr'>ventri</span> <span class='ocrx_word' id='word_1_82' title='bbox 844 2138 1030 2238; x_wconf 82' lang='lat' dir='ltr'>admotae,</span> <span class='ocrx_word' id='word_1_83' title='bbox 1049 2137 1227 2219; x_wconf 88' lang='lat' dir='ltr'>remedia</span> <span class='ocrx_word' id='word_1_84' title='bbox 1246 2159 1348 2222; x_wconf 82' lang='lat' dir='ltr'>tunt</span> 
     </span>
     <span class='ocr_line' id='line_1_13' title="bbox 299 2274 1347 2379; baseline -0.001 -22"><span class='ocrx_word' id='word_1_85' title='bbox 299 2275 434 2358; x_wconf 89' lang='lat' dir='ltr'>balnei</span> <span class='ocrx_word' id='word_1_86' title='bbox 446 2275 605 2376; x_wconf 81' lang='lat' dir='ltr'>similia,</span> <span class='ocrx_word' id='word_1_87' title='bbox 620 2275 688 2357; x_wconf 86' lang='lat' dir='ltr'>sed</span> <span class='ocrx_word' id='word_1_88' title='bbox 700 2275 838 2356; x_wconf 80' lang='lat' dir='ltr'>minua</span> <span class='ocrx_word' id='word_1_89' title='bbox 850 2275 1033 2356; x_wconf 86' lang='lat' dir='ltr'>valentia.</span> <span class='ocrx_word' id='word_1_90' title='bbox 1065 2274 1347 2379; x_wconf 80' lang='lat' dir='ltr'>Emplastrum</span> 
     </span>
     <span class='ocr_line' id='line_1_14' title="bbox 298 2410 1346 2520; baseline -0.002 -24"><span class='ocrx_word' id='word_1_91' title='bbox 298 2413 543 2496; x_wconf 80' lang='lat' dir='ltr'>cantharidis</span> <span class='ocrx_word' id='word_1_92' title='bbox 563 2440 682 2520; x_wconf 83' lang='lat' dir='ltr'>super</span> <span class='ocrx_word' id='word_1_93' title='bbox 702 2413 906 2496; x_wconf 81' lang='lat' dir='ltr'>abdomen</span> <span class='ocrx_word' id='word_1_94' title='bbox 924 2411 1165 2519; x_wconf 88' lang='lat' dir='ltr'>impositum</span> <span class='ocrx_word' id='word_1_95' title='bbox 1184 2410 1346 2519; x_wconf 87' lang='lat' dir='ltr'>profuit</span> 
     </span>
     <span class='ocr_line' id='line_1_15' title="bbox 228 2547 1345 2647; baseline 0 -15"><span class='ocrx_word' id='word_1_96' title='bbox 228 2587 232 2596; x_wconf 93' lang='lat'>·</span> <span class='ocrx_word' id='word_1_97' title='bbox 298 2578 384 2632; x_wconf 92' lang='lat' dir='ltr'>non</span> <span class='ocrx_word' id='word_1_98' title='bbox 404 2551 537 2632; x_wconf 91' lang='lat' dir='ltr'>solum</span> <span class='ocrx_word' id='word_1_99' title='bbox 556 2550 808 2631; x_wconf 80' lang='lat' dir='ltr'>refraenando</span> <span class='ocrx_word' id='word_1_100' title='bbox 836 2547 1217 2647; x_wconf 86' lang='lat' dir='ltr'>inflammationem,</span> <span class='ocrx_word' id='word_1_101' title='bbox 1236 2548 1345 2632; x_wconf 81' lang='lat' dir='ltr'>sicut</span> 
     </span>
     <span class='ocr_line' id='line_1_16' title="bbox 297 2683 1346 2794; baseline -0.002 -26"><span class='ocrx_word' id='word_1_102' title='bbox 297 2688 343 2768; x_wconf 94' lang='lat' dir='ltr'>in</span> <span class='ocrx_word' id='word_1_103' title='bbox 361 2687 586 2794; x_wconf 89' lang='lat' dir='ltr'>pleuritide‚</span> <span class='ocrx_word' id='word_1_104' title='bbox 605 2687 674 2768; x_wconf 84' lang='lat' dir='ltr'>sed</span> <span class='ocrx_word' id='word_1_105' title='bbox 692 2687 814 2768; x_wconf 89' lang='lat' dir='ltr'>etiam</span> <span class='ocrx_word' id='word_1_106' title='bbox 830 2683 1048 2768; x_wconf 88' lang='lat' dir='ltr'>coercendo</span> <span class='ocrx_word' id='word_1_107' title='bbox 1062 2684 1346 2787; x_wconf 73' lang='lat' dir='ltr'>distentiones,</span> 
     </span>
     <span class='ocr_line' id='line_1_17' title="bbox 298 2822 1348 2932; baseline -0.002 -28"><span class='ocrx_word' id='word_1_108' title='bbox 298 2851 390 2930; x_wconf 86' lang='lat' dir='ltr'>quae</span> <span class='ocrx_word' id='word_1_109' title='bbox 417 2825 481 2906; x_wconf 85' lang='lat' dir='ltr'>vel</span> <span class='ocrx_word' id='word_1_110' title='bbox 508 2823 752 2932; x_wconf 78' lang='lat' dir='ltr'>impediunt,</span> <span class='ocrx_word' id='word_1_111' title='bbox 780 2825 843 2904; x_wconf 88' lang='lat' dir='ltr'>vel</span> <span class='ocrx_word' id='word_1_112' title='bbox 872 2824 1080 2906; x_wconf 86' lang='lat' dir='ltr'>invertunt</span> <span class='ocrx_word' id='word_1_113' title='bbox 1110 2822 1348 2916; x_wconf 73' lang='lat' dir='ltr'>naturalem¹</span> 
     </span>
     <span class='ocr_line' id='line_1_18' title="bbox 189 2945 780 3048; baseline -0.012 0"><span class='ocrx_word' id='word_1_114' title='bbox 189 2945 193 2956; x_wconf 32' lang='lat'><strong>¹</strong></span> <span class='ocrx_word' id='word_1_115' title='bbox 280 2961 585 3048; x_wconf 32' lang='lat' dir='ltr'>‘intestinorum</span> <span class='ocrx_word' id='word_1_116' title='bbox 607 2984 780 3043; x_wconf 91' lang='lat' dir='ltr'>motum.</span> 
     </span>
     <span class='ocr_line' id='line_1_19' title="bbox 352 3097 1342 3204; baseline -0.002 -24"><span class='ocrx_word' id='word_1_117' title='bbox 352 3099 505 3180; x_wconf 88' lang='lat' dir='ltr'>Omnia</span> <span class='ocrx_word' id='word_1_118' title='bbox 533 3097 618 3179; x_wconf 89' lang='lat' dir='ltr'>haec</span> <span class='ocrx_word' id='word_1_119' title='bbox 648 3097 795 3179; x_wconf 85' lang='lat' dir='ltr'>auxilia</span> <span class='ocrx_word' id='word_1_120' title='bbox 827 3097 1004 3180; x_wconf 87' lang='lat' dir='ltr'>reddunt</span> <span class='ocrx_word' id='word_1_121' title='bbox 1036 3098 1176 3178; x_wconf 84' lang='lat' dir='ltr'>alvum</span> <span class='ocrx_word' id='word_1_122' title='bbox 1206 3097 1342 3204; x_wconf 81' lang='lat' dir='ltr'>magis</span> 
     </span>
    </p>
   </div>
   <div class='ocr_carea' id='block_1_4' title="bbox 295 3231 1477 3342">
    <p class='ocr_par' dir='ltr' id='par_1_4' title="bbox 295 3231 1477 3342">
     <span class='ocr_line' id='line_1_20' title="bbox 295 3231 1477 3342; baseline -0.001 -26"><span class='ocrx_word' id='word_1_123' title='bbox 295 3258 501 3342; x_wconf 87' lang='lat' dir='ltr'>promtam</span> <span class='ocrx_word' id='word_1_124' title='bbox 538 3235 591 3316; x_wconf 89' lang='lat' dir='ltr'>ad</span> <span class='ocrx_word' id='word_1_125' title='bbox 627 3235 855 3341; x_wconf 88' lang='lat' dir='ltr'>parendum</span> <span class='ocrx_word' id='word_1_126' title='bbox 891 3231 1125 3334; x_wconf 81' lang='lat' dir='ltr'>medicinae3</span> <span class='ocrx_word' id='word_1_127' title='bbox 1163 3261 1213 3316; x_wconf 79' lang='lat' dir='ltr'>ex</span> <span class='ocrx_word' id='word_1_128' title='bbox 1251 3263 1343 3342; x_wconf 94' lang='lat' dir='ltr'>quo</span> <span class='ocrx_word' id='word_1_129' title='bbox 1472 3237 1477 3248; x_wconf 82' lang='grc'><strong>”</strong></span> 
     </span>
    </p>
   </div>
   <div class='ocr_carea' id='block_1_5' title="bbox 221 3371 1344 4006">
    <p class='ocr_par' dir='ltr' id='par_1_5' title="bbox 221 3371 1344 4006">
     <span class='ocr_line' id='line_1_21' title="bbox 295 3371 1343 3478; baseline 0 -26"><span class='ocrx_word' id='word_1_130' title='bbox 295 3371 378 3452; x_wconf 84' lang='lat' dir='ltr'>vita</span> <span class='ocrx_word' id='word_1_131' title='bbox 391 3371 617 3477; x_wconf 85' lang='lat' dir='ltr'>aegriunice</span> <span class='ocrx_word' id='word_1_132' title='bbox 629 3372 786 3478; x_wconf 87' lang='lat' dir='ltr'>pendet.</span> <span class='ocrx_word' id='word_1_133' title='bbox 826 3371 1029 3452; x_wconf 88' lang='lat' dir='ltr'>Odiosum</span> <span class='ocrx_word' id='word_1_134' title='bbox 1040 3394 1099 3452; x_wconf 90' lang='lat' dir='ltr'>est</span> <span class='ocrx_word' id='word_1_135' title='bbox 1114 3371 1228 3477; x_wconf 92' lang='lat' dir='ltr'>quod</span> <span class='ocrx_word' id='word_1_136' title='bbox 1240 3397 1343 3476; x_wconf 89' lang='lat' dir='ltr'>pur·</span> 
     </span>
     <span class='ocr_line' id='line_1_22' title="bbox 293 3486 1338 3616; baseline 0 -28"><span class='ocrx_word' id='word_1_137' title='bbox 293 3486 482 3616; x_wconf 86' lang='lat' dir='ltr'>gantium</span> <span class='ocrx_word' id='word_1_138' title='bbox 501 3507 691 3588; x_wconf 89' lang='lat' dir='ltr'>omniurn</span> <span class='ocrx_word' id='word_1_139' title='bbox 720 3535 836 3614; x_wconf 88' lang='lat' dir='ltr'>sapor</span> <span class='ocrx_word' id='word_1_140' title='bbox 855 3509 1055 3616; x_wconf 87' lang='lat' dir='ltr'>plerisque</span> <span class='ocrx_word' id='word_1_141' title='bbox 1071 3505 1338 3613; x_wconf 76' lang='lat' dir='ltr'>injucundus</span> 
     </span>
     <span class='ocr_line' id='line_1_23' title="bbox 295 3643 1338 3752; baseline -0.005 -23"><span class='ocrx_word' id='word_1_142' title='bbox 295 3643 360 3745; x_wconf 76' lang='lat' dir='ltr'>sit,</span> <span class='ocrx_word' id='word_1_143' title='bbox 371 3667 410 3726; x_wconf 89' lang='lat' dir='ltr'>et</span> <span class='ocrx_word' id='word_1_144' title='bbox 421 3673 613 3726; x_wconf 86' lang='lat' dir='ltr'>nauseam</span> <span class='ocrx_word' id='word_1_145' title='bbox 624 3667 804 3746; x_wconf 81' lang='lat' dir='ltr'>moveat3</span> <span class='ocrx_word' id='word_1_146' title='bbox 824 3645 876 3726; x_wconf 90' lang='lat' dir='ltr'>ad</span> <span class='ocrx_word' id='word_1_147' title='bbox 888 3674 1014 3752; x_wconf 87' lang='lat' dir='ltr'>quarn</span> <span class='ocrx_word' id='word_1_148' title='bbox 1026 3645 1148 3726; x_wconf 89' lang='lat' dir='ltr'>etiam</span> <span class='ocrx_word' id='word_1_149' title='bbox 1162 3644 1338 3725; x_wconf 76' lang='lat' dir='ltr'>morbus</span> 
     </span>
     <span class='ocr_line' id='line_1_24' title="bbox 221 3779 1340 3892; baseline -0.006 -24"><span class='ocrx_word' id='word_1_150' title='bbox 221 3879 227 3892; x_wconf 45' lang='lat'>‚</span> <span class='ocrx_word' id='word_1_151' title='bbox 295 3811 368 3868; x_wconf 77' lang='lat' dir='ltr'>sua</span> <span class='ocrx_word' id='word_1_152' title='bbox 390 3803 537 3864; x_wconf 87' lang='lat' dir='ltr'>natura</span> <span class='ocrx_word' id='word_1_153' title='bbox 554 3810 710 3889; x_wconf 79' lang='lat' dir='ltr'>temper</span> <span class='ocrx_word' id='word_1_154' title='bbox 738 3783 924 3888; x_wconf 87' lang='lat' dir='ltr'>proclivis</span> <span class='ocrx_word' id='word_1_155' title='bbox 944 3806 1014 3864; x_wconf 86' lang='lat' dir='ltr'>est.</span> <span class='ocrx_word' id='word_1_156' title='bbox 1072 3782 1183 3862; x_wconf 92' lang='lat' dir='ltr'>Hinc</span> <span class='ocrx_word' id='word_1_157' title='bbox 1204 3779 1340 3861; x_wconf 91' lang='lat' dir='ltr'>oritur</span> 
     </span>
     <span class='ocr_line' id='line_1_25' title="bbox 292 3911 1344 4006; baseline -0.008 0"><span class='ocrx_word' id='word_1_158' title='bbox 292 3947 380 4006; x_wconf 91' lang='lat' dir='ltr'>non</span> <span class='ocrx_word' id='word_1_159' title='bbox 408 3911 622 4002; x_wconf 80' lang='lat' dir='ltr'>mediociis</span> <span class='ocrx_word' id='word_1_160' title='bbox 654 3919 869 4002; x_wconf 88' lang='lat' dir='ltr'>difficultas</span> <span class='ocrx_word' id='word_1_161' title='bbox 899 3918 1133 4000; x_wconf 87' lang='lat' dir='ltr'>inveniendi</span> <span class='ocrx_word' id='word_1_162' title='bbox 1160 3916 1344 3999; x_wconf 86' lang='lat' dir='ltr'>medica-</span> 
     </span>
    </p>
   </div>
   <div class='ocr_carea' id='block_1_6' title="bbox 291 4053 1473 4454">
    <p class='ocr_par' dir='ltr' id='par_1_6' title="bbox 291 4053 1473 4454">
     <span class='ocr_line' id='line_1_26' title="bbox 291 4053 1342 4168; baseline -0.008 -26"><span class='ocrx_word' id='word_1_163' title='bbox 291 4081 444 4159; x_wconf 84' lang='lat' dir='ltr'>menta,</span> <span class='ocrx_word' id='word_1_164' title='bbox 456 4083 547 4166; x_wconf 85' lang='lat' dir='ltr'>quae</span> <span class='ocrx_word' id='word_1_165' title='bbox 559 4079 684 4165; x_wconf 85' lang='lat' dir='ltr'>gustu</span> <span class='ocrx_word' id='word_1_166' title='bbox 693 4057 913 4140; x_wconf 85' lang='lat' dir='ltr'>tolerabilia</span> <span class='ocrx_word' id='word_1_167' title='bbox 924 4058 1017 4155; x_wconf 84' lang='lat' dir='ltr'>sint,</span> <span class='ocrx_word' id='word_1_168' title='bbox 1028 4053 1342 4168; x_wconf 77' lang='lat' dir='ltr'>etaventricuio</span> 
     </span>
     <span class='ocr_line' id='line_1_27' title="bbox 293 4193 1473 4306; baseline -0.007 -28"><span class='ocrx_word' id='word_1_169' title='bbox 293 4194 458 4290; x_wconf 77' lang='lat' dir='ltr'>retineri</span> <span class='ocrx_word' id='word_1_170' title='bbox 474 4193 642 4302; x_wconf 79' lang='lat' dir='ltr'>possint.</span> <span class='ocrx_word' id='word_1_171' title='bbox 681 4195 872 4306; x_wconf 80' lang='lat' dir='ltr'>¹Verum,</span> <span class='ocrx_word' id='word_1_172' title='bbox 899 4194 1078 4302; x_wconf 88' lang='lat' dir='ltr'>quinon</span> <span class='ocrx_word' id='word_1_173' title='bbox 1097 4211 1340 4286; x_wconf 66' lang='lat' dir='ltr'>aversantur,</span> <span class='ocrx_word' id='word_1_174' title='bbox 1470 4217 1473 4224; x_wconf 77' lang='grc'><strong>’</strong></span> 
     </span>
     <span class='ocr_line' id='line_1_28' title="bbox 291 4325 1339 4454; baseline 0 -38"><span class='ocrx_word' id='word_1_175' title='bbox 291 4332 450 4442; x_wconf 79' lang='lat' dir='ltr'>pilulas,</span> <span class='ocrx_word' id='word_1_176' title='bbox 467 4325 681 4426; x_wconf 73' lang='lat' dir='ltr'>commode</span> <span class='ocrx_word' id='word_1_177' title='bbox 696 4332 953 4454; x_wconf 82' lang='lat' dir='ltr'>devorabunt</span> <span class='ocrx_word' id='word_1_178' title='bbox 965 4331 1130 4420; x_wconf 78' lang='lat' dir='ltr'>extracti</span> <span class='ocrx_word' id='word_1_179' title='bbox 1144 4329 1339 4442; x_wconf 81' lang='lat' dir='ltr'>colocyn-</span> 
     </span>
    </p>
   </div>
   <div class='ocr_carea' id='block_1_7' title="bbox 0 0 1506 5086">
    <p class='ocr_par' dir='ltr' id='par_1_7' title="bbox 0 0 1506 5086">
     <span class='ocr_line' id='line_1_29' title="bbox 0 0 1506 5086; baseline 0 3"><span class='ocrx_word' id='word_1_180' title='bbox 0 0 1506 5086; x_wconf 95' lang='lat' dir='ltr'> </span> 
     </span>
    </p>
   </div>
  </div>
 </body>
</html>
