2990 5078
786 465 886 564 los

307 675 411 762 tilis
437 672 521 757 fere
549 670 732 781 prurigo,
759 671 846 752 sine
873 667 957 751 ulla
982 667 1086 752 cutis
1116 670 1358 772 mutatione,

312 811 506 920 frequens
525 809 647 894 estin
664 805 1271 922 ictero,et¹senecn1tisquoque
1289 803 1356 890 in·

312 945 533 1034 commoda
547 973 648 1054 saepe
661 972 747 1026 non
760 941 1016 1026 mediocriter
1030 943 1196 1048 aegest.
1246 939 1357 1056 Qui·

315 1083 492 1170 busdam
506 1081 745 1163 mulieribus
760 1080 923 1188 pustula
934 1075 1139 1186 exigusin
1153 1105 1251 1162 naso
1266 1099 1357 1166 om

314 1242 388 1322 est,
421 1247 549 1328 quam
581 1245 700 1328 super
725 1239 859 1304 crusta
889 1215 1127 1318 innascitur,
1157 1237 1200 1298 et
1231 1214 1358 1330 serpit

312 1359 407 1458 iate,
433 1357 563 1438 donec
591 1379 738 1438 nasum
766 1341 915 1455 to'tum,
943 1352 1103 1454 faciem,
1132 1375 1175 1435 et
1201 1349 1359 1436 collum

315 1495 550 1594 contexerit,
580 1515 702 1601 atque
730 1493 880 1572 multos
909 1517 1035 1572 annos
1060 1490 1189 1574 uincit
1215 1490 1361 1574 omnia

314 1631 509 1713 omnium
520 1631 788 1728 ineditorum,
800 1649 840 1711 et
849 1627 1150 1728 circulatorum,
1165 1625 1357 1714 remedia·

316 1763 428 1850 inter
446 1791 575 1848 meres
604 1765 689 1848 haec
715 1764 862 1873 species
890 1763 1017 1854 rarior
1035 1785 1107 1862 est,
1137 1786 1271 1874 neque
1299 1783 1362 1846 ta·

318 1931 415 1984 men
430 1930 595 2010 prorsus
613 1899 762 2009 ignote
822 1899 1024 2000 Furfutes,
1041 1921 1082 1981 et
1099 1919 1293 2008 squamae,
1312 1897 1361 1986 in

316 2035 484 2120 diversis
512 2037 689 2146 corporis
714 2035 911 2144 partibus,
938 2031 1113 2116 maxime
1138 2036 1184 2118 in
1212 2033 1360 2143 capite,

316 2175 535 2264 nonnullos
549 2176 653 2256 male
671 2175 823 2258 habent
840 2197 911 2280 per
928 2193 1058 2254 totam
1075 2173 1214 2254 vitam.

375 2313 604 2395 Interueros
617 2313 719 2394 cutis
728 2311 906 2410 morbos,
917 2307 1149 2391 heudficile
1157 2309 1361 2392 aliumin·
1492 2389 1493 2394 t

317 2447 527 2532 veniemus
546 2449 839 2556 contagiosum,
850 2467 992 2554 preter
1007 2445 1195 2546 scabiem,
1208 2465 1249 2528 st
1261 2471 1362 2552 pot-

294 2585 502 2691 'tiginem
560 2584 756 2686 Femina,
781 2582 897 2689 cujus
929 2583 1032 2666 cutis
1063 2582 1232 2684 maculis
1261 2583 1357 2666 latis

316 2720 512 2802 furfureis
523 2721 858 2830 quinquennium
867 2719 1008 2805 vitiata
1021 2717 1168 2819 fuerat,
1181 2719 1361 2810 lactabat

317 2855 518 2944 infantem
544 2887 569 2938 a
591 2877 774 2942 materno
790 2857 952 2950 'morbo
971 2879 1136 2964 prorsus
1165 2857 1358 2940 liberum.

318 2993 391 3074 Est
419 2994 629 3102 quoddam
649 2976 754 3076 cutis
774 2992 924 3075 vitium
951 3017 1022 3100 per
1039 2991 1181 3074 omnia
1208 2993 1362 3076 scabiei

315 3129 461 3232 simile,
485 3153 525 3212 et
543 3132 656 3236 quod
673 3129 819 3212 habuit
836 3129 1004 3214 initium
1021 3151 1070 3211 ex
1087 3153 1183 3212 uera
1208 3127 1361 3230 scabie,

315 3287 455 3350 tamen
473 3267 712 3372 contagione
731 3266 828 3348 alios
847 3291 934 3348 non
948 3258 1084 3367 afficit,
1103 3289 1235 3374 neque
1248 3265 1365 3350 cedit

317 3401 475 3483 usitatis
491 3429 616 3508 psorae
628 3403 830 3504 remediis,
839 3424 931 3485 tum
945 3431 1111 3511 quoque
1125 3403 1170 3484 in
1185 3401 1363 3510 quibus-

316 3537 415 3620 dam
423 3539 527 3621 redit
535 3540 753 3648 quotannis
761 3541 988 3648 permultos
998 3563 1136 3622 annos.
1157 3540 1273 3620 Dum
1284 3567 1363 3620 au-

316 3673 453 3757 ticulae
472 3693 647 3778 tument,
660 3699 700 3758 et
712 3677 874 3778 rubent,
892 3697 932 3760 et
942 3675 1161 3760 humorem
1175 3675 1364 3758 multum

315 3809 515 3913 fundunt,
534 3839 634 3922 saepe
653 3811 714 3914 fit,
741 3835 791 3894 ut
807 3813 1008 3922 glandulae
1024 3836 1191 3927 quoque
1208 3813 1253 3893 in
1270 3837 1361 3896 oers

317 3952 403 4032 vioe
422 3973 624 4052 tumeant3
655 3952 769 4058 quod
785 3952 910 4033 etiam
925 3943 1012 4034 fieti
1031 3951 1253 4051 consuevit,
1278 3949 1361 4032 ubi
1491 3937 1492 3945 Ν

314 4089 531 4194 emplastro
539 4087 782 4170 cantharidis
790 4087 1360 4196 impositoaquaabundeexit.

315 4221 393 4305 Sed
405 4223 449 4304 hi
464 4247 642 4309 tumores
658 4223 745 4306 sine
755 4247 831 4332 ope
844 4223 972 4310 aliena
980 4223 1097 4310 facile
1110 4223 1343 4308 nibsidunt.

510 4411 529 4450 ⁸
541 4407 591 4472 De
601 4407 675 4469 cutis
688 4407 813 4488 pruritu,
826 4409 893 4470 vide
905 4407 979 4474 infre
993 4429 1058 4490 cap.
1072 4411 1120 4476 76.
1194 4397 1198 4407 “
