3002 5086
760 495 862 602 904

284 716 464 828 picarum
478 715 604 814 mala3
623 711 740 796 facile
758 735 868 822 patet
884 711 1035 796 utilitas
1054 711 1334 798 remediorum

287 879 379 962 quae
400 878 572 951 acorem,
600 847 868 952 inflationem,
896 850 1068 950 dolores,
1094 873 1134 931 et
1153 851 1334 961 reliquos

168 1017 173 1026 ·
285 989 576 1070 intestinorum
596 986 760 1070 affectus
780 990 927 1088 levant,
956 987 1124 1095 vimque
1143 999 1184 1070 e't
1202 990 1339 1072 robur

285 1125 341 1208 eia
362 1123 549 1206 addendo
567 1124 738 1226 faciunt,
765 1147 813 1206 ut
833 1124 973 1206 omnia
991 1153 1063 1204 sua
1077 1121 1209 1206 officia
1226 1126 1337 1208 bene

284 1283 326 1346 et
344 1257 579 1346 naturaliter
599 1283 802 1369 peragant.
860 1261 939 1342 Sed
957 1262 1071 1342 nullo
1091 1261 1216 1380 modo
1245 1289 1336 1344 me·

285 1398 363 1480 lius
378 1399 628 1482 succurritur
639 1397 870 1480 infirmitati
882 1398 1185 1498 intestinorum,
1201 1425 1334 1507 quam
1413 1430 1417 1438 ·

285 1563 357 1645 per
376 1535 670 1618 medicamenta
688 1563 825 1616 amara
843 1557 883 1616 et
901 1512 1132 1636 aromatica,
1161 1536 1335 1643 quibus,

284 1674 360 1756 ubi
374 1701 476 1781 opus
489 1672 625 1774 fuerit,
637 1673 754 1780 adjici
763 1693 893 1778 potest
906 1672 1019 1781 quod
1030 1673 1172 1754 leniter
1188 1673 1333 1754 alvum

286 1811 424 1894 solvat
484 1811 544 1890 Ex
563 1809 626 1890 his
655 1807 764 1890 fiunt
784 1809 933 1917 pilula'r',
961 1831 1100 1916 guttae,
1129 1809 1334 1910 tincturae,

286 1949 351 2030 vel
369 1947 529 2047 infusa3
560 1973 651 2056 quae
671 1947 1017 2053 compositionum
1036 1947 1334 2047 carismatum

249 2163 252 2172 ,
284 2087 409 2165 moles
429 2084 541 2166 haud
560 2111 721 2190 magna,
749 2083 972 2190 impedient
994 2084 1157 2192 nequis
1186 2083 1333 2192 hujus-

282 2221 398 2302 modi
416 2220 593 2302 remedia
611 2243 786 2328 respuat,
803 2221 961 2302 etiamsi
980 2221 1250 2304 necessarium
1275 2223 1330 2304 sit

284 2355 426 2438 inillis
446 2357 600 2440 diutius
621 2343 880 2464 perseverare.

339 2494 467 2576 Multi
492 2495 776 2602 aegritudinem
803 2494 1019 2576 exanimis
1048 2495 1327 2579 marcentibus

285 2631 384 2714 vino
403 2655 443 2714 et
458 2631 693 2739 potionibus
708 2633 997 2714 meracioribus
1010 2633 1183 2748 cupiunt
1196 2637 1331 2740 expel-

285 2769 364 2850 lere
378 2803 389 2868 ;
420 2769 533 2876 quod
552 2767 674 2849 etiam
688 2791 737 2848 ut
750 2767 913 2869 faciant,
929 2769 1062 2868 am'ici,
1078 2770 1151 2876 qui
1165 2769 1243 2850 illis
1259 2771 1331 2852 be-

286 2933 338 2988 ne
368 2905 538 3014 quidem
557 2906 715 3007 volunt,
744 2905 813 2987 sed
832 2907 936 2988 male
955 2907 1188 3008 consulunt,
1216 2907 1331 2989 haud

285 3069 376 3126 raro
388 3043 615 3124 hortantur.
658 3044 741 3123 Vix
753 3043 833 3124 dici
847 3065 976 3150 potest
988 3066 1191 3151 quantum
1207 3043 1331 3128 instet

285 3181 527 3287 periculum,
553 3181 627 3262 ubi
651 3165 746 3287 aegri
766 3180 829 3262 vel
858 3181 995 3261 animo
1020 3209 1094 3261 suo
1112 3181 1157 3260 in
1182 3179 1257 3261 hac
1286 3205 1330 3261 re

285 3311 514 3423 indulgent,
542 3318 606 3398 vel
630 3318 858 3398 amicorum
883 3315 1122 3423 improvidis
1151 3315 1329 3398 consiliis

284 3475 437 3561 parent.
497 3457 622 3554 Breve
643 3455 756 3562 quod
775 3454 831 3536 sic
851 3456 1028 3536 nascitur
1039 3454 1248 3557 solatium,
1265 3455 1330 3534 ni·

283 3590 363 3672 mis
377 3617 465 3671 care
477 3591 628 3673 emitur
639 3591 892 3678 incremento¹
902 3591 1107 3697 languoris
1122 3617 1219 3671 mox
1231 3592 1330 3673 sub-

284 3729 477 3810 secuturi:
498 3751 590 3810 tum
603 3729 864 3838 quoquevini
877 3729 1023 3810 modus
1036 3728 1164 3810 indies
1177 3757 1329 3835 augen-

284 3865 362 3947 dus
391 3888 440 3948 ut
469 3867 598 3948 animi
626 3868 772 3976 pariter
802 3889 1043 3966 recreentur,
1071 3885 1201 3946 totam
1224 3866 1330 3946 vale·

284 4003 471 4084 tudinem
480 4005 760 4104 miserabiliter
771 4006 979 4112 perturbat
992 4013 1326 4112 conquassatque‘.

285 4141 415 4253 Quod
434 4142 467 4223 si
487 4171 616 4249 angor
635 4143 764 4250 major
782 4143 907 4222 fuerit
927 4169 1054 4249 quam
1074 4141 1148 4248 qui
1168 4139 1328 4221 tolerari

283 4253 422 4386 possit,
449 4301 488 4361 et
507 4279 677 4388 proinde
706 4309 808 4387 opus
836 4281 887 4360 sit
915 4277 1327 4386 prasente-remedio,

283 4417 407 4508 satius
427 4417 503 4500 erit
521 4445 570 4502 ex
589 4418 696 4528 opio,
726 4445 854 4530 quam
872 4445 921 4508 ex
940 4415 1051 4524 vino,
1078 4437 1211 4526 petere
1231 4441 1328 4498 aux·-
