3002 5086
817 488 923 586 nlo

351 699 493 784 dextri.
537 695 728 780 Anidcm
740 723 907 804 quoque
919 693 992 779 fiat
1004 723 1053 780 ex
1062 693 1243 806 simplice
1257 698 1390 802 iecere,

354 824 441 919 non
459 856 717 942 compertum
736 832 877 913 habeo.

409 973 497 1054 Ubi
511 971 635 1078 hepar
649 969 899 1052 scirrhosum
913 992 985 1072 est,
1004 998 1106 1079 saepe
1121 971 1169 1054 fit
1187 975 1394 1081 sanguinis

356 1137 498 1191 cursus
510 1137 558 1189 ex
573 1107 754 1208 naribus,
764 1105 955 1214 gingivis,
968 1129 1009 1190 et
1022 1109 1238 1212 umbilic03
1268 1112 1395 1194 vomi-

355 1270 424 1332 tur
435 1247 557 1328 etiam
570 1243 732 1351 sanguis
745 1265 784 1324 et
796 1243 908 1324 alvus
921 1243 1054 1326 reddit
1065 1269 1240 1328 cruenta.

409 1383 538 1466 Haud
566 1365 686 1488 pauci
714 1380 951 1461 moriuntur
972 1381 1081 1462 vitiis
1104 1381 1264 1488 jecoris,
1291 1413 1394 1493 quo-

355 1547 451 1606 rum
469 1520 602 1619 urina,
630 1539 670 1600 et
687 1517 805 1620 cutis,
824 1543 895 1624 per
913 1537 1049 1599 totum
1074 1519 1270 1602 morbum
1288 1549 1393 1604 nun-

356 1654 796 1768 quamfuerantluteae.
826 1653 983 1736 Scilicet
993 1654 1027 1734 is
1036 1655 1146 1736 color
1156 1677 1249 1736 tum
1261 1658 1393 1738 solum

356 1793 521 1894 accedit,
548 1791 625 1874 ubi
643 1789 786 1872 scirrhi
806 1789 862 1872 sic
881 1789 947 1872 siti
966 1813 1075 1892 sunt,
1092 1813 1140 1874 ut
1153 1792 1280 1874 bilem
1298 1821 1392 1916 con·

353 1931 588 2013 tendentem
606 1928 652 2008 in
679 1926 921 2008 intestinum
943 1926 1180 2034 impediant,
1207 1951 1393 2038 retroque

250 2125 253 2132 .
336 2065 451 2148 vferri
470 2067 515 2146 in
534 2063 775 2172 sanguinem
794 2083 952 2171 cogant.

412 2205 532 2286 Jecur
541 2200 701 2283 scirrhis
710 2199 1060 2308 induratumsaepe
1068 2227 1196 2284 manu
1205 2202 1387 2286 extrinse-

354 2367 426 2421 cus
438 2335 683 2444 deprehendi
694 2357 834 2442 potest.
864 2339 1002 2444 Atque
1010 2337 1121 2419 haud
1131 2338 1213 2420 scio
1225 2337 1388 2420 analiud

355 2497 513 2558 certum
540 2472 663 2578 hujus
691 2472 828 2552 morbi
855 2473 1057 2556 indicium
1082 2475 1155 2584 sit,=
1174 2497 1315 2582 praeter
1344 2501 1387 2554 ea

356 2639 448 2719 quae
478 2635 601 2717 supra
628 2607 832 2716 proposita
856 2631 965 2691 sunt.
1022 2611 1148 2692 Venae
1175 2610 1386 2706 concitate,

356 2749 572 2854 singultus,
586 2767 797 2845 nausea,et
810 2745 1035 2847 fastidium,
1049 2749 1284 2828 communia
1297 2765 1386 2827 sunt

350 2885 534 2992 jecinori‚
562 2897 601 2965 e't
620 2883 705 2964 aliis
725 2882 947 2964 visceribus
962 2883 1126 2965 vitiosis.
1183 2884 1262 2966 Sed
1280 2881 1385 2991 parvi

355 3013 520 3106 interest
539 3021 689 3102 solicite
708 3009 881 3101 definire
892 3021 963 3105 cui
977 3021 1147 3108 demum
1164 3020 1387 3104 abdominis
1431 2995 1436 3006 ”

272 3252 273 3262 p
356 3159 499 3262 visceri
527 3155 797 3240 inflammatio
816 3179 856 3238 et
879 3157 1062 3272 scirrhus·
1074 3158 1290 3240 insideant:
1318 3155 1385 3238 ubi

355 3297 430 3379 ubi
449 3296 560 3378 enim
579 3294 673 3393 sint,
701 3293 770 3374 vix
788 3293 880 3374 ullis
900 3293 985 3378 aliis
1001 3295 1156 3376 auxiliis
1176 3297 1286 3378 locus
1305 3293 1386 3395 erit,

355 3461 484 3541 quam
495 3431 647 3540 quibus
666 3430 869 3512 utendum
880 3452 939 3512 est
953 3431 998 3512 in
1012 3431 1138 3516 febris
1150 3432 1310 3515 hecticae
1322 3459 1384 3514 cu·

355 3569 520 3676 ratione.
550 3567 649 3648 Veri
666 3595 750 3647 non
762 3567 944 3650 absimile
957 3591 1029 3671 est,
1039 3570 1114 3652 ubi
1125 3569 1301 3654 stirrhus
1312 3566 1382 3650 exi·
1467 3603 1468 3631 i

354 3736 480 3818 guam
488 3707 678 3818 jecinoris
693 3727 851 3814 partem
864 3711 1131 3816 occupaverit,
1148 3710 1263 3792 victu
1279 3704 1384 3790 reffi-

354 3868 530 3956 gerante,
548 3859 726 3952 curaque
746 3844 898 3926 solicita
917 3843 1004 3926 fieri
1023 3875 1150 3954 posse,
1167 3869 1217 3933 ut
1233 3846 1295 3926 vel
1312 3863 1380 3926 tar·

221 4037 226 4044 -
353 3985 417 4084 de,
445 3985 509 4064 vel
529 4009 614 4064 non
633 3981 818 4082 omnino,
845 3982 995 4064 vitium
1014 4005 1154 4090 serpat.

317 4143 319 4148 ·
397 4117 671 4235 Inflammatio
673 4117 863 4225 jecinoris
874 4119 1083 4200 interdurn
1094 4118 1378 4221 desinitinsup·

352 4256 619 4364 purationem.
662 4255 704 4336 Si
715 4283 806 4363 pars
818 4251 1072 4346 inflammata
1083 4248 1379 4377 aggiutinaverit
