2990 5078
602 395 604 402 i
634 449 733 558 149

152 680 261 759 sunt,
276 680 476 766 tanquam
486 657 637 742 vibices
651 690 674 742 a
689 661 840 746 scutica
850 661 976 747 factae.
1026 669 1193 776 Prurigo

151 795 219 874 vix
235 795 412 900 patibilis
432 797 594 878 accedit.
654 801 832 906 Repente
845 802 1047 904 oriuntur,
1065 807 1193 886 maxi-

150 957 217 1012 me
245 931 321 1010 ubi
340 959 485 1039 corpus
514 932 696 1034 fricetur,
724 959 795 1016 aut
813 938 1024 1044 unguibus
1054 939 1193 1022 leviter

152 1067 361 1174 scalpatur.
411 1071 519 1150 Raro
535 1097 788 1176 perseverant
802 1074 948 1154 multas
965 1075 1097 1176 horas,
1111 1078 1193 1182 ple-

148 1231 328 1312 rumque
343 1205 532 1312 exiguam
546 1229 709 1288 tantum
722 1210 836 1291 horae
850 1235 1017 1316 partem.
1068 1215 1191 1318 Nulla

151 1368 241 1447 pars
271 1343 449 1448 corporis
471 1371 608 1425 secura
636 1367 695 1426 est
713 1347 763 1426 ab
793 1347 868 1428 hac
893 1371 1026 1453 peste;
1055 1349 1191 1456 siqua

150 1499 288 1560 autem
299 1479 575 1562 vehementius
591 1479 730 1564 affecta
744 1481 880 1582 fuerit,
894 1513 939 1564 ea
951 1453 1034 1564 tbta
1046 1507 1189 1586 tumet,
1242 1475 1247 1492 ’

150 1613 264 1720 quod
276 1613 324 1696 fit
335 1618 533 1723 praecipue
544 1618 589 1700 in
597 1619 710 1720 facie,
725 1619 912 1721 brachiis,
927 1642 966 1702 et
985 1622 1186 1702 manibus.

150 1750 290 1832 Essera
307 1752 383 1832 alia
401 1775 523 1860 atque
546 1755 622 1835 alia
641 1755 743 1836 cutis
767 1758 859 1846 ,loca
877 1755 1065 1838 infestare
1092 1786 1189 1838 con-

147 1886 281 1966 suevit
298 1887 344 1968 in
363 1888 507 1970 horam
525 1919 666 1992 unam,
683 1915 753 1973 aut
767 1893 914 1998 plures,
932 1893 994 1972 bis
1015 1914 1122 1972 terve
1141 1893 1186 1974 in
1240 1999 1243 2004 Ι

147 2025 226 2124 die,
244 2047 285 2104 et
302 2023 512 2107 interdurn
529 2027 612 2109 fere
631 2049 767 2110 totum
785 2030 908 2129 diem,
925 2029 970 2110 in
989 2029 1072 2111 dies
1089 2061 1187 2136 pau·

142 2191 228 2262 cos,
246 2164 311 2242 vel
330 2164 485 2270 aliquot
498 2193 679 2265 menses3
708 2165 924 2274 novi'quos
939 2169 1042 2248 male
1056 2167 1190 2250 habu·-

62 2363 68 2376 .
143 2301 222 2381 erit
254 2299 470 2382 biennium
499 2330 595 2382 cum
625 2304 761 2410 paucis
790 2304 1184 2408 intermissionibus3

143 2437 242 2518 alios
258 2461 539 2544 veroseptem,
558 2461 629 2520 aut
647 2440 770 2520 etiam
788 2441 928 2522 decem
947 2469 1073 2522 annos
1093 2470 1186 2524 vex-

143 2573 240 2656 avit.

200 2710 319 2791 Pueri
346 2733 386 2792 et
413 2704 554 2818 adulti,
581 2739 712 2793 mares
741 2736 781 2794 et
807 2713 1010 2812 foeminae,
1038 2713 1185 2820 pariter

142 2848 397 2955 objiciuntur
425 2847 521 2928 huic
541 2849 713 2948 morbo;
744 2849 843 2958 item
858 2850 1010 2956 quibus
1030 2850 1186 2957 integer

141 2986 322 3092 corporis
337 2983 500 3069 habitus
516 3007 588 3084 est,
602 3012 687 3065 non
705 2985 842 3066 minus
857 3013 983 3092 quam
1003 3013 1183 3092 quorum

141 3121 332 3218 valetudu
344 3119 509 3202 infirma
524 3143 595 3202 aut
606 3121 771 3204 adversa
782 3143 851 3202 est.
899 3123 1084 3234 Quidam
1097 3123 1183 3206 sani

139 3257 313 3341 fuerunt
344 3258 505 3364 vigente
533 3258 610 3338 hoc
648 3255 818 3358 affectu3
848 3287 932 3365 quo
965 3247 1199 3359 recedente,

139 3397 281 3477 dolore
310 3395 447 3500 capitis
482 3417 522 3474 et
549 3395 763 3476 ventriculi
801 3393 929 3502 affligi
958 3419 1180 3502 coeperunt.

138 3536 293 3616 Cuntra
307 3531 374 3612 alii
390 3532 504 3612 malis
521 3531 722 3613 similibus
743 3555 834 3613 tum
851 3533 984 3612 solum
999 3535 1183 3640 occupati

138 3654 249 3774 sunt,
278 3669 383 3750 dum
400 3697 528 3750 essera
546 3667 709 3750 adesset.
769 3671 952 3752 Maxima
971 3699 1067 3752 vero
1090 3701 1180 3776 pars

138 3805 363 3888 hominum
387 3805 491 3886 nihil
521 3829 752 3912 queruntur
781 3829 930 3914 praeter
952 3809 1184 3888 molestissi-

138 3969 254 4024 mam
273 3939 540 4050 prur'iginem,
559 3971 654 4049 qum
675 3943 885 4025 interdum
900 3969 1063 4024 somnos
1081 3972 1184 4050 quo-

139 4105 219 4186 que
251 4079 475 4185 abrumpit,
503 4081 757 4188 maciemque
787 4080 959 4180 inducit,
987 4103 1027 4160 et
1055 4082 1183 4162 vitam

138 4217 274 4298 reddit
291 4217 361 4296 vix
379 4196 558 4298 vitalem.

120 4417 125 4426 .
190 4354 473 4460 Emplastrum
500 4353 744 4436 cantharidis
773 4353 819 4435 in
838 4353 1088 4464 quibusdam
1116 4379 1184 4456 ge·
