<?xml version="1.0" encoding="UTF-8"?>
<!DOCTYPE html PUBLIC "-//W3C//DTD XHTML 1.0 Transitional//EN"
    "http://www.w3.org/TR/xhtml1/DTD/xhtml1-transitional.dtd">
<html xmlns="http://www.w3.org/1999/xhtml" xml:lang="en" lang="en">
 <head>
  <title>
</title>
<meta http-equiv="Content-Type" content="text/html;charset=utf-8" />
  <meta name='ocr-system' content='tesseract 3.04.00' />
  <meta name='ocr-capabilities' content='ocr_page ocr_carea ocr_par ocr_line ocrx_word'/>
</head>
<body>
  <div class='ocr_page' id='page_1' title='image "./commentariidemo00hebegoog_0361.png"; bbox 0 0 3050 5084; ppageno 0'>
   <div class='ocr_carea' id='block_1_1' title="bbox 794 485 896 586">
    <p class='ocr_par' dir='ltr' id='par_1_1' title="bbox 794 485 896 586">
     <span class='ocr_line' id='line_1_1' title="bbox 794 485 896 586; baseline 0 -1"><span class='ocrx_word' id='word_1_1' title='bbox 794 485 896 586; x_wconf 66' lang='lat'>346</span> 
     </span>
    </p>
   </div>
   <div class='ocr_carea' id='block_1_2' title="bbox 298 696 1466 4524">
    <p class='ocr_par' dir='ltr' id='par_1_2' title="bbox 298 696 1466 2876">
     <span class='ocr_line' id='line_1_2' title="bbox 321 696 1361 808; baseline 0 -24"><span class='ocrx_word' id='word_1_2' title='bbox 321 697 460 784; x_wconf 88' lang='lat' dir='ltr'>dinem</span> <span class='ocrx_word' id='word_1_3' title='bbox 476 696 675 782; x_wconf 86' lang='lat' dir='ltr'>abierunt.</span> <span class='ocrx_word' id='word_1_4' title='bbox 724 699 1023 784; x_wconf 82' lang='lat' dir='ltr'>Medicamenta</span> <span class='ocrx_word' id='word_1_5' title='bbox 1038 701 1156 782; x_wconf 88' lang='lat' dir='ltr'>etiam</span> <span class='ocrx_word' id='word_1_6' title='bbox 1172 699 1361 808; x_wconf 63' lang='lat' dir='ltr'>crederem</span> 
     </span>
     <span class='ocr_line' id='line_1_3' title="bbox 320 835 1361 942; baseline -0.002 -26"><span class='ocrx_word' id='word_1_7' title='bbox 320 835 527 942; x_wconf 68' lang='lat' dir='ltr'>moventia</span> <span class='ocrx_word' id='word_1_8' title='bbox 542 835 724 916; x_wconf 88' lang='lat' dir='ltr'>adhibita</span> <span class='ocrx_word' id='word_1_9' title='bbox 737 859 832 918; x_wconf 89' lang='lat' dir='ltr'>sunt</span> <span class='ocrx_word' id='word_1_10' title='bbox 851 861 890 916; x_wconf 88' lang='lat' dir='ltr'>er</span> <span class='ocrx_word' id='word_1_11' title='bbox 910 839 953 914; x_wconf 92' lang='lat' dir='ltr'>in</span> <span class='ocrx_word' id='word_1_12' title='bbox 974 860 1106 936; x_wconf 77' lang='lat' dir='ltr'>acute,</span> <span class='ocrx_word' id='word_1_13' title='bbox 1124 861 1163 918; x_wconf 83' lang='lat' dir='ltr'>et</span> <span class='ocrx_word' id='word_1_14' title='bbox 1176 839 1219 916; x_wconf 90' lang='lat' dir='ltr'>in</span> <span class='ocrx_word' id='word_1_15' title='bbox 1239 839 1361 942; x_wconf 84' lang='lat' dir='ltr'>longo</span> 
     </span>
     <span class='ocr_line' id='line_1_4' title="bbox 322 953 1360 1090; baseline 0.006 -37"><span class='ocrx_word' id='word_1_16' title='bbox 322 973 635 1071; x_wconf 81' lang='lat' dir='ltr'>rheumatism03</span> <span class='ocrx_word' id='word_1_17' title='bbox 665 994 704 1052; x_wconf 90' lang='lat' dir='ltr'>et</span> <span class='ocrx_word' id='word_1_18' title='bbox 723 973 930 1090; x_wconf 81' lang='lat' dir='ltr'>interdurn</span> <span class='ocrx_word' id='word_1_19' title='bbox 943 975 1127 1083; x_wconf 85' lang='lat' dir='ltr'><strong>prodesse</strong></span> <span class='ocrx_word' id='word_1_20' title='bbox 1143 978 1227 1054; x_wconf 87' lang='lat' dir='ltr'>visa</span> <span class='ocrx_word' id='word_1_21' title='bbox 1247 953 1360 1059; x_wconf 76' lang='lat' dir='ltr'>sunt:</span> 
     </span>
     <span class='ocr_line' id='line_1_5' title="bbox 322 1099 1364 1216; baseline 0.001 -26"><span class='ocrx_word' id='word_1_22' title='bbox 322 1136 444 1200; x_wconf 88' lang='lat' dir='ltr'>nemo</span> <span class='ocrx_word' id='word_1_23' title='bbox 464 1131 600 1196; x_wconf 82' lang='lat' dir='ltr'>autern</span> <span class='ocrx_word' id='word_1_24' title='bbox 621 1109 746 1196; x_wconf 83' lang='lat' dir='ltr'>nescit</span> <span class='ocrx_word' id='word_1_25' title='bbox 765 1110 839 1193; x_wconf 89' lang='lat' dir='ltr'>hos</span> <span class='ocrx_word' id='word_1_26' title='bbox 864 1137 995 1216; x_wconf 82' lang='lat' dir='ltr'>aegros·</span> <span class='ocrx_word' id='word_1_27' title='bbox 1012 1099 1083 1192; x_wconf 82' lang='lat' dir='ltr'>sua</span> <span class='ocrx_word' id='word_1_28' title='bbox 1112 1113 1251 1216; x_wconf 83' lang='lat' dir='ltr'>sporite</span> <span class='ocrx_word' id='word_1_29' title='bbox 1272 1139 1364 1216; x_wconf 90' lang='lat' dir='ltr'>pro-</span> 
     </span>
     <span class='ocr_line' id='line_1_6' title="bbox 323 1247 1364 1366; baseline 0.001 -39"><span class='ocrx_word' id='word_1_30' title='bbox 323 1248 442 1340; x_wconf 84' lang='lat' dir='ltr'>clives</span> <span class='ocrx_word' id='word_1_31' title='bbox 473 1247 619 1332; x_wconf 81' lang='lat' dir='ltr'>esseio</span> <span class='ocrx_word' id='word_1_32' title='bbox 648 1247 801 1364; x_wconf 81' lang='lat' dir='ltr'>nimios</span> <span class='ocrx_word' id='word_1_33' title='bbox 818 1249 997 1358; x_wconf 81' lang='lat' dir='ltr'>sudores,</span> <span class='ocrx_word' id='word_1_34' title='bbox 1018 1278 1158 1366; x_wconf 76' lang='lat' dir='ltr'>¹neque</span> <span class='ocrx_word' id='word_1_35' title='bbox 1177 1250 1272 1358; x_wconf 87' lang='lat' dir='ltr'>inde</span> <span class='ocrx_word' id='word_1_36' title='bbox 1296 1249 1364 1355; x_wconf 89' lang='lat' dir='ltr'>ju-</span> 
     </span>
     <span class='ocr_line' id='line_1_7' title="bbox 298 1385 1364 1502; baseline 0.002 -38"><span class='ocrx_word' id='word_1_37' title='bbox 298 1385 420 1471; x_wconf 79' lang='lat' dir='ltr'>&#39;vsri</span> <span class='ocrx_word' id='word_1_38' title='bbox 480 1385 677 1495; x_wconf 85' lang='lat' dir='ltr'>Balneum</span> <span class='ocrx_word' id='word_1_39' title='bbox 706 1385 845 1468; x_wconf 87' lang='lat' dir='ltr'>multis</span> <span class='ocrx_word' id='word_1_40' title='bbox 867 1385 1002 1502; x_wconf 79' lang='lat' dir='ltr'>visum</span> <span class='ocrx_word' id='word_1_41' title='bbox 1028 1409 1086 1468; x_wconf 90' lang='lat' dir='ltr'>est</span> <span class='ocrx_word' id='word_1_42' title='bbox 1116 1415 1284 1486; x_wconf 87' lang='lat' dir='ltr'>nocere;</span> <span class='ocrx_word' id='word_1_43' title='bbox 1308 1411 1364 1466; x_wconf 67' lang='lat' dir='ltr'>=ne</span> 
     </span>
     <span class='ocr_line' id='line_1_8' title="bbox 323 1494 1376 1640; baseline 0.005 -38"><span class='ocrx_word' id='word_1_44' title='bbox 323 1522 411 1621; x_wconf 82' lang='lat' dir='ltr'>uni,</span> <span class='ocrx_word' id='word_1_45' title='bbox 426 1494 645 1636; x_wconf 20' lang='lat' dir='ltr'>‘quantum&#39;</span> <span class='ocrx_word' id='word_1_46' title='bbox 657 1520 845 1640; x_wconf 57' lang='lat' dir='ltr'>junicare</span> <span class='ocrx_word' id='word_1_47' title='bbox 870 1525 999 1628; x_wconf 80' lang='lat' dir='ltr'>potui,</span> <span class='ocrx_word' id='word_1_48' title='bbox 1019 1525 1263 1630; x_wconf 78' lang='lat' dir='ltr'>opitulatum</span> <span class='ocrx_word' id='word_1_49' title='bbox 1293 1547 1376 1608; x_wconf 66' lang='lat' dir='ltr'>est.=</span> 
     </span>
     <span class='ocr_line' id='line_1_9' title="bbox 323 1653 1364 1776; baseline -0.002 -36"><span class='ocrx_word' id='word_1_50' title='bbox 323 1661 491 1775; x_wconf 64' lang='lat' dir='ltr'>Levatio</span> <span class='ocrx_word' id='word_1_51' title='bbox 509 1659 660 1764; x_wconf 78' lang='lat' dir='ltr'>frigida</span> <span class='ocrx_word' id='word_1_52' title='bbox 679 1660 803 1746; x_wconf 84' lang='lat' dir='ltr'>modo</span> <span class='ocrx_word' id='word_1_53' title='bbox 822 1661 985 1776; x_wconf 75' lang='lat' dir='ltr'>nnilrrm</span> <span class='ocrx_word' id='word_1_54' title='bbox 1005 1653 1138 1741; x_wconf 78' lang='lat' dir='ltr'>attulit</span> <span class='ocrx_word' id='word_1_55' title='bbox 1153 1661 1364 1758; x_wconf 76' lang='lat' dir='ltr'>arixiliurn,</span> 
     </span>
     <span class='ocr_line' id='line_1_10' title="bbox 324 1771 1365 1904; baseline -0.001 -27"><span class='ocrx_word' id='word_1_56' title='bbox 324 1798 449 1878; x_wconf 89' lang='lat' dir='ltr'>modo</span> <span class='ocrx_word' id='word_1_57' title='bbox 462 1823 547 1876; x_wconf 86' lang='lat' dir='ltr'>non</span> <span class='ocrx_word' id='word_1_58' title='bbox 560 1796 813 1878; x_wconf 87' lang='lat' dir='ltr'>mediocriter</span> <span class='ocrx_word' id='word_1_59' title='bbox 820 1797 940 1901; x_wconf 83' lang='lat' dir='ltr'>juvit.</span> <span class='ocrx_word' id='word_1_60' title='bbox 983 1771 1365 1904; x_wconf 80' lang='lat' dir='ltr'>Emplastrurncan-</span> 
     </span>
     <span class='ocr_line' id='line_1_11' title="bbox 324 1933 1366 2044; baseline -0.002 -28"><span class='ocrx_word' id='word_1_61' title='bbox 324 1933 654 2020; x_wconf 73' lang='lat' dir='ltr'>tharidis&#39;levavit</span> <span class='ocrx_word' id='word_1_62' title='bbox 673 1935 828 2018; x_wconf 91' lang='lat' dir='ltr'>dolores</span> <span class='ocrx_word' id='word_1_63' title='bbox 850 1938 1086 2019; x_wconf 84' lang='lat' dir='ltr'>inveteratos</span> <span class='ocrx_word' id='word_1_64' title='bbox 1107 1937 1218 2044; x_wconf 86' lang='lat' dir='ltr'>longi</span> <span class='ocrx_word' id='word_1_65' title='bbox 1246 1936 1366 2016; x_wconf 87' lang='lat' dir='ltr'>rheu-</span> 
     </span>
     <span class='ocr_line' id='line_1_12' title="bbox 325 2071 1368 2186; baseline 0.002 -34"><span class='ocrx_word' id='word_1_66' title='bbox 325 2071 524 2172; x_wconf 85' lang='lat' dir='ltr'>matismi;</span> <span class='ocrx_word' id='word_1_67' title='bbox 554 2073 604 2152; x_wconf 86' lang='lat' dir='ltr'>ad</span> <span class='ocrx_word' id='word_1_68' title='bbox 620 2100 745 2186; x_wconf 87' lang='lat' dir='ltr'>quem</span> <span class='ocrx_word' id='word_1_69' title='bbox 758 2075 879 2162; x_wconf 84' lang='lat' dir='ltr'>etiam</span> <span class='ocrx_word' id='word_1_70' title='bbox 899 2073 1140 2180; x_wconf 85' lang='lat' dir='ltr'>profuerunt</span> <span class='ocrx_word' id='word_1_71' title='bbox 1155 2075 1368 2170; x_wconf 75' lang='lat' dir='ltr'>linimenta</span> 
     </span>
     <span class='ocr_line' id='line_1_13' title="bbox 325 2209 1367 2316; baseline -0.002 -26"><span class='ocrx_word' id='word_1_72' title='bbox 325 2209 515 2306; x_wconf 78' lang='lat' dir='ltr'>volatilia,</span> <span class='ocrx_word' id='word_1_73' title='bbox 541 2232 581 2298; x_wconf 88' lang='lat' dir='ltr'>et</span> <span class='ocrx_word' id='word_1_74' title='bbox 609 2237 840 2316; x_wconf 88' lang='lat' dir='ltr'>saponacea,</span> <span class='ocrx_word' id='word_1_75' title='bbox 868 2211 1050 2316; x_wconf 87' lang='lat' dir='ltr'>partibus</span> <span class='ocrx_word' id='word_1_76' title='bbox 1071 2209 1220 2298; x_wconf 79' lang='lat' dir='ltr'>affectis</span> <span class='ocrx_word' id='word_1_77' title='bbox 1249 2210 1367 2292; x_wconf 90' lang='lat' dir='ltr'>infri-</span> 
     </span>
     <span class='ocr_line' id='line_1_14' title="bbox 324 2345 1466 2464; baseline -0.002 -36"><span class='ocrx_word' id='word_1_78' title='bbox 324 2368 422 2448; x_wconf 71' lang='lat' dir='ltr'>cata.</span> <span class='ocrx_word' id='word_1_79' title='bbox 451 2347 591 2436; x_wconf 88' lang='lat' dir='ltr'>Motus</span> <span class='ocrx_word' id='word_1_80' title='bbox 601 2345 771 2429; x_wconf 85' lang='lat' dir='ltr'>vehiculi</span> <span class='ocrx_word' id='word_1_81' title='bbox 786 2347 1186 2454; x_wconf 86' lang='lat' dir='ltr'>adeononaugethos</span> <span class='ocrx_word' id='word_1_82' title='bbox 1197 2346 1369 2464; x_wconf 83' lang='lat' dir='ltr'>dolores,</span> <span class='ocrx_word' id='word_1_83' title='bbox 1463 2409 1466 2416; x_wconf 84' lang='lat'><strong>.</strong></span> 
     </span>
     <span class='ocr_line' id='line_1_15' title="bbox 325 2482 1368 2592; baseline -0.002 -26"><span class='ocrx_word' id='word_1_84' title='bbox 325 2507 375 2576; x_wconf 87' lang='lat' dir='ltr'>ut</span> <span class='ocrx_word' id='word_1_85' title='bbox 393 2511 494 2591; x_wconf 87' lang='lat' dir='ltr'>saepe</span> <span class='ocrx_word' id='word_1_86' title='bbox 513 2484 775 2588; x_wconf 78' lang='lat' dir='ltr'>cognoverim</span> <span class='ocrx_word' id='word_1_87' title='bbox 794 2505 962 2592; x_wconf 83' lang='lat' dir='ltr'>aegrotos</span> <span class='ocrx_word' id='word_1_88' title='bbox 988 2483 1162 2592; x_wconf 86' lang='lat' dir='ltr'>graviter</span> <span class='ocrx_word' id='word_1_89' title='bbox 1182 2482 1368 2584; x_wconf 87' lang='lat' dir='ltr'>afflictos,</span> 
     </span>
     <span class='ocr_line' id='line_1_16' title="bbox 326 2609 1368 2734; baseline 0 -32"><span class='ocrx_word' id='word_1_90' title='bbox 326 2622 401 2734; x_wconf 78' lang='lat' dir='ltr'>qui</span> <span class='ocrx_word' id='word_1_91' title='bbox 412 2622 555 2712; x_wconf 81' lang='lat' dir='ltr'>melius</span> <span class='ocrx_word' id='word_1_92' title='bbox 568 2620 800 2708; x_wconf 85' lang='lat' dir='ltr'>habuerunt</span> <span class='ocrx_word' id='word_1_93' title='bbox 812 2609 1099 2710; x_wconf 76' lang='lat' dir='ltr'>durnincurro</span> <span class='ocrx_word' id='word_1_94' title='bbox 1111 2621 1368 2722; x_wconf 80' lang='lat' dir='ltr'>veherentur,</span> 
     </span>
     <span class='ocr_line' id='line_1_17' title="bbox 305 2735 1245 2876; baseline -0.004 -34"><span class='ocrx_word' id='word_1_95' title='bbox 305 2759 587 2876; x_wconf 12' lang='lat' dir='ltr'>nquamvdomi</span> <span class='ocrx_word' id='word_1_96' title='bbox 607 2760 649 2838; x_wconf 91' lang='lat' dir='ltr'>in</span> <span class='ocrx_word' id='word_1_97' title='bbox 670 2759 782 2844; x_wconf 87' lang='lat' dir='ltr'>sedili</span> <span class='ocrx_word' id='word_1_98' title='bbox 803 2759 1141 2876; x_wconf 83' lang='lat' dir='ltr'>conquiescentes.</span> <span class='ocrx_word' id='word_1_99' title='bbox 1228 2735 1245 2873; x_wconf 25' lang='grc'>’1</span> 
     </span>
    </p>

    <p class='ocr_par' dir='ltr' id='par_1_3' title="bbox 310 2897 1372 4352">
     <span class='ocr_line' id='line_1_18' title="bbox 383 2897 1366 3010; baseline 0.002 -32"><span class='ocrx_word' id='word_1_100' title='bbox 383 2897 681 2980; x_wconf 82' lang='lat' dir='ltr'>Medicamenta</span> <span class='ocrx_word' id='word_1_101' title='bbox 705 2925 761 2998; x_wconf 68' lang='lat' dir='ltr'>,ex</span> <span class='ocrx_word' id='word_1_102' title='bbox 791 2919 957 3010; x_wconf 82' lang='lat' dir='ltr'>argento</span> <span class='ocrx_word' id='word_1_103' title='bbox 981 2897 1076 2978; x_wconf 87' lang='lat' dir='ltr'>vivo</span> <span class='ocrx_word' id='word_1_104' title='bbox 1107 2897 1236 2984; x_wconf 76' lang='lat' dir='ltr'>mixto</span> <span class='ocrx_word' id='word_1_105' title='bbox 1270 2907 1366 2980; x_wconf 87' lang='lat' dir='ltr'>cum</span> 
     </span>
     <span class='ocr_line' id='line_1_19' title="bbox 326 3033 1367 3162; baseline 0.003 -48"><span class='ocrx_word' id='word_1_106' title='bbox 326 3035 612 3150; x_wconf 80' lang='lat' dir='ltr'>purgantibus,</span> <span class='ocrx_word' id='word_1_107' title='bbox 630 3036 695 3118; x_wconf 82' lang='lat' dir='ltr'>rel</span> <span class='ocrx_word' id='word_1_108' title='bbox 713 3062 808 3116; x_wconf 85' lang='lat' dir='ltr'>curn</span> <span class='ocrx_word' id='word_1_109' title='bbox 829 3033 936 3140; x_wconf 80' lang='lat' dir='ltr'>opio,</span> <span class='ocrx_word' id='word_1_110' title='bbox 967 3061 1068 3162; x_wconf 70' lang='lat' dir='ltr'>saepe</span> <span class='ocrx_word' id='word_1_111' title='bbox 1087 3033 1180 3142; x_wconf 86' lang='lat' dir='ltr'>data</span> <span class='ocrx_word' id='word_1_112' title='bbox 1198 3033 1367 3117; x_wconf 86' lang='lat' dir='ltr'>fuerunt</span> 
     </span>
     <span class='ocr_line' id='line_1_20' title="bbox 327 3169 1372 3279; baseline -0.001 -29"><span class='ocrx_word' id='word_1_113' title='bbox 327 3169 605 3274; x_wconf 82' lang='lat' dir='ltr'>rheumaticis:</span> <span class='ocrx_word' id='word_1_114' title='bbox 636 3199 763 3279; x_wconf 86' lang='lat' dir='ltr'>quarn</span> <span class='ocrx_word' id='word_1_115' title='bbox 792 3170 982 3258; x_wconf 85' lang='lat' dir='ltr'>medendi</span> <span class='ocrx_word' id='word_1_116' title='bbox 1009 3172 1210 3272; x_wconf 61' lang='lat' dir='ltr'>‘rationein</span> <span class='ocrx_word' id='word_1_117' title='bbox 1237 3178 1372 3278; x_wconf 80' lang='lat' dir='ltr'>repre-&#39;</span> 
     </span>
     <span class='ocr_line' id='line_1_21' title="bbox 325 3307 1366 3422; baseline 0 -34"><span class='ocrx_word' id='word_1_118' title='bbox 325 3307 501 3396; x_wconf 84' lang='lat' dir='ltr'>bendere</span> <span class='ocrx_word' id='word_1_119' title='bbox 529 3309 639 3408; x_wconf 88' lang='lat' dir='ltr'>noio,</span> <span class='ocrx_word' id='word_1_120' title='bbox 665 3310 761 3415; x_wconf 81' lang='lat' dir='ltr'>quia</span> <span class='ocrx_word' id='word_1_121' title='bbox 781 3309 1007 3406; x_wconf 81' lang='lat' dir='ltr'>videoeam</span> <span class='ocrx_word' id='word_1_122' title='bbox 1036 3309 1172 3422; x_wconf 81' lang='lat' dir='ltr'>periris</span> <span class='ocrx_word' id='word_1_123' title='bbox 1201 3307 1366 3422; x_wconf 79' lang='lat' dir='ltr'>medicis</span> 
     </span>
     <span class='ocr_line' id='line_1_22' title="bbox 328 3439 1365 3554; baseline 0.004 -28"><span class='ocrx_word' id='word_1_124' title='bbox 328 3448 505 3554; x_wconf 77' lang='lat' dir='ltr'>placere5</span> <span class='ocrx_word' id='word_1_125' title='bbox 535 3439 696 3528; x_wconf 83' lang='lat' dir='ltr'>laudare</span> <span class='ocrx_word' id='word_1_126' title='bbox 715 3459 851 3538; x_wconf 83' lang='lat' dir='ltr'>tamen</span> <span class='ocrx_word' id='word_1_127' title='bbox 866 3474 1155 3554; x_wconf 76' lang='lat' dir='ltr'>nonpossurn,</span> <span class='ocrx_word' id='word_1_128' title='bbox 1170 3444 1365 3554; x_wconf 85' lang='lat' dir='ltr'>quoniam</span> 
     </span>
     <span class='ocr_line' id='line_1_23' title="bbox 328 3584 1366 3698; baseline -0.002 -36"><span class='ocrx_word' id='word_1_129' title='bbox 328 3585 581 3665; x_wconf 72' lang='lat' dir='ltr'>mercurialis</span> <span class='ocrx_word' id='word_1_130' title='bbox 604 3584 911 3698; x_wconf 81' lang='lat' dir='ltr'>medicamenta,</span> <span class='ocrx_word' id='word_1_131' title='bbox 939 3612 1040 3688; x_wconf 84' lang='lat' dir='ltr'>saepe</span> <span class='ocrx_word' id='word_1_132' title='bbox 1070 3587 1234 3682; x_wconf 78' lang='lat' dir='ltr'>tentata,</span> <span class='ocrx_word' id='word_1_133' title='bbox 1261 3609 1366 3662; x_wconf 90' lang='lat' dir='ltr'>nun·</span> 
     </span>
     <span class='ocr_line' id='line_1_24' title="bbox 330 3699 1366 3828; baseline -0.002 -28"><span class='ocrx_word' id='word_1_134' title='bbox 330 3711 555 3828; x_wconf 41' lang='lat' dir='ltr'>quarn‘non</span> <span class='ocrx_word' id='word_1_135' title='bbox 569 3722 824 3826; x_wconf 84' lang='lat' dir='ltr'>conjecerunt</span> <span class='ocrx_word' id='word_1_136' title='bbox 836 3699 1366 3810; x_wconf 80' lang='lat' dir='ltr'>nonnullosinrheumatis·</span> 
     </span>
     <span class='ocr_line' id='line_1_25' title="bbox 330 3855 1367 3938; baseline -0.001 -1"><span class='ocrx_word' id='word_1_137' title='bbox 330 3885 468 3938; x_wconf 85' lang='lat' dir='ltr'><strong>mum:</strong></span> <span class='ocrx_word' id='word_1_138' title='bbox 496 3859 604 3938; x_wconf 90' lang='lat' dir='ltr'>unde</span> <span class='ocrx_word' id='word_1_139' title='bbox 618 3858 739 3938; x_wconf 88' lang='lat' dir='ltr'>etiarn</span> <span class='ocrx_word' id='word_1_140' title='bbox 753 3855 798 3937; x_wconf 86' lang='lat' dir='ltr'>fit</span> <span class='ocrx_word' id='word_1_141' title='bbox 813 3880 859 3937; x_wconf 88' lang='lat' dir='ltr'>ut</span> <span class='ocrx_word' id='word_1_142' title='bbox 875 3857 1070 3936; x_wconf 87' lang='lat' dir='ltr'>morbum</span> <span class='ocrx_word' id='word_1_143' title='bbox 1082 3855 1367 3937; x_wconf 87' lang='lat' dir='ltr'>Venereurnin</span> 
     </span>
     <span class='ocr_line' id='line_1_26' title="bbox 331 3977 1367 4104; baseline -0.004 -28.004"><span class='ocrx_word' id='word_1_144' title='bbox 331 3997 579 4104; x_wconf 84' lang='lat' dir='ltr'>quibusdam</span> <span class='ocrx_word' id='word_1_145' title='bbox 607 3996 843 4102; x_wconf 83' lang='lat' dir='ltr'>corporibus</span> <span class='ocrx_word' id='word_1_146' title='bbox 861 3977 1016 4100; x_wconf 83' lang='lat' dir='ltr'>semper</span> <span class='ocrx_word' id='word_1_147' title='bbox 1036 4015 1230 4102; x_wconf 80' lang='lat' dir='ltr'>sequatur</span> <span class='ocrx_word' id='word_1_148' title='bbox 1250 3993 1367 4074; x_wconf 86' lang='lat' dir='ltr'>rheu·</span> 
     </span>
     <span class='ocr_line' id='line_1_27' title="bbox 329 4107 1366 4246; baseline -0.007 -33"><span class='ocrx_word' id='word_1_149' title='bbox 329 4131 564 4229; x_wconf 83' lang='lat' dir='ltr'>matismus;</span> <span class='ocrx_word' id='word_1_150' title='bbox 594 4161 719 4238; x_wconf 88' lang='lat' dir='ltr'>quem</span> <span class='ocrx_word' id='word_1_151' title='bbox 740 4131 887 4212; x_wconf 87' lang='lat' dir='ltr'>scilicet</span> <span class='ocrx_word' id='word_1_152' title='bbox 906 4107 1285 4246; x_wconf 63' lang='lat' dir='ltr'>argentnnrnirrrm</span> <span class='ocrx_word' id='word_1_153' title='bbox 1314 4121 1366 4218; x_wconf 60' lang='lat' dir='ltr'>al,</span> 
     </span>
     <span class='ocr_line' id='line_1_28' title="bbox 310 4266 1020 4352; baseline -0.008 0"><span class='ocrx_word' id='word_1_154' title='bbox 310 4266 452 4352; x_wconf 45' lang='lat' dir='ltr'>‘terius</span> <span class='ocrx_word' id='word_1_155' title='bbox 473 4299 591 4350; x_wconf 85' lang='lat' dir='ltr'>causa</span> <span class='ocrx_word' id='word_1_156' title='bbox 610 4269 843 4350; x_wconf 83' lang='lat' dir='ltr'>adhibitum</span> <span class='ocrx_word' id='word_1_157' title='bbox 859 4268 1020 4352; x_wconf 79' lang='lat' dir='ltr'>invexit.</span> 
     </span>
    </p>

    <p class='ocr_par' dir='ltr' id='par_1_4' title="bbox 387 4379 1365 4524">
     <span class='ocr_line' id='line_1_29' title="bbox 387 4379 1365 4524; baseline -0.002 -36"><span class='ocrx_word' id='word_1_158' title='bbox 387 4411 532 4490; x_wconf 83' lang='lat' dir='ltr'>Cortex</span> <span class='ocrx_word' id='word_1_159' title='bbox 558 4379 818 4506; x_wconf 69' lang='lat' dir='ltr'>Perur&#39;ianus,</span> <span class='ocrx_word' id='word_1_160' title='bbox 848 4407 1010 4516; x_wconf 78' lang='lat' dir='ltr'>gumini</span> <span class='ocrx_word' id='word_1_161' title='bbox 1040 4405 1210 4524; x_wconf 86' lang='lat' dir='ltr'>guaiaci,</span> <span class='ocrx_word' id='word_1_162' title='bbox 1237 4402 1365 4519; x_wconf 67' lang='lat' dir='ltr'>pelvis</span> 
     </span>
    </p>
   </div>
   <div class='ocr_carea' id='block_1_3' title="bbox 0 0 1536 5084">
    <p class='ocr_par' dir='ltr' id='par_1_5' title="bbox 0 0 1536 5084">
     <span class='ocr_line' id='line_1_30' title="bbox 0 0 1536 5084; baseline 0 0"><span class='ocrx_word' id='word_1_163' title='bbox 0 0 1536 5084; x_wconf 95' lang='lat' dir='ltr'> </span> 
     </span>
    </p>
   </div>
  </div>
 </body>
</html>
