2990 5078
772 387 843 494 66

291 635 393 718 ‚rum
411 631 536 688 usum
550 595 778 714 paralyticis
797 588 950 686 certem
969 604 1152 707 salutem,
1168 602 1239 696 alii
1252 627 1336 688 cer-

298 769 383 830 tam
394 769 535 826 necem
554 738 707 824 afferre
732 739 946 824 Sententiae
958 761 1042 822 tam
1057 740 1266 824 contrariae
1277 737 1336 820 fa-

299 883 414 964 ciunt
434 906 558 986 aegros
578 876 749 984 pendere
768 877 906 960 anxios
929 898 970 958 et
988 876 1175 976 incertoe,
1193 897 1233 956 et
1251 901 1338 960 non

209 1097 213 1106 ,
300 1019 385 1102 leve
397 1015 568 1098 dedecus
587 1014 752 1098 medicis
765 1013 948 1096 inurunt
993 1015 1151 1094 Tamen
1166 1011 1339 1118 quibus-

301 1155 399 1236 dam
426 1147 614 1248 unanimi
643 1151 833 1232 omnium
858 1149 1113 1232 medicorum
1139 1176 1339 1241 consensu

301 1288 386 1372 ietae
405 1315 520 1400 aquae
540 1287 688 1374 auxilio
707 1309 814 1370 eunt.
872 1285 972 1367 Aliis
995 1283 1164 1402 quidem
1182 1284 1339 1396 prosint

301 1452 428 1517 necne
446 1425 623 1508 dubium
641 1446 713 1523 est,
740 1445 780 1506 at
797 1450 918 1506 nemo
937 1421 1100 1506 dubitat
1115 1421 1223 1530 quin
1241 1445 1338 1504 tum

303 1563 395 1646 sint
453 1561 555 1644 Aliis
585 1587 726 1642 omnes
758 1587 900 1642 earum
927 1587 1052 1641 usum
1076 1558 1338 1644 interdicunt.

305 1697 423 1811 Quid
442 1720 578 1778 autem
592 1696 754 1803 aegrotie
770 1695 846 1778 illis
858 1695 1092 1780 faciendum
1104 1715 1174 1794 eet,
1186 1695 1338 1802 quibur

303 1833 603 1948 hiBathoniam
622 1832 778 1934 utilem,
792 1831 850 1912 illi
861 1831 1129 1940 perniciosam
1142 1831 1228 1914 fore
1244 1859 1340 1914 cons

305 1972 499 2054 tendunt?
527 1969 722 2067 Profecto,
736 1993 783 2050 ut
799 1967 902 2050 mihi
915 1945 1087 2070 videtur,
1105 1970 1180 2051 ubi
1192 1969 1340 2052 medici

306 2107 521 2216 prudentes
541 2105 585 2184 in
603 2127 688 2186 tam
707 2104 881 2186 diversas
901 2105 1114 2187 sententias
1143 2126 1256 2206 eunt,
1279 2104 1341 2186 ibi

307 2229 554 2325 censendum
582 2263 641 2322 est
659 2241 732 2322 hos
762 2241 893 2328 fontes
913 2269 994 2353 esee
1020 2241 1341 2348 exiguarumvel

307 2380 514 2492 nullarum
533 2377 694 2460 virium.
727 2377 891 2488 Quippe
903 2377 1115 2458 verisimile
1131 2400 1189 2458 eet
1200 2377 1343 2486 hujuc-

296 2507 422 2597 ¹modi
435 2535 616 2619 aegrotos,
634 2513 734 2594 dum
750 2514 837 2596 illos
858 2513 1056 2612 biberent,
1070 2515 1132 2593 vel
1152 2513 1343 2620 corporis,

309 2652 373 2732 vel
391 2650 564 2730 aliorum
583 2648 856 2752 remediorum
870 2647 1067 2729 beneficio
1084 2649 1210 2758 fuisse
1230 2650 1341 2730 resti·

309 2779 418 2869 tutos
425 2821 437 2886 ;
465 2786 528 2866 vel
548 2769 693 2867 morbo
712 2815 786 2866 suo
813 2773 1070 2868 succubuisse
1090 2787 1174 2866 sine
1193 2787 1342 2868 harum

310 2951 512 3033 aquarum
541 2921 720 3004 crimine.
779 2923 910 3005 Taceo
943 2909 1221 3006 chemicorum
1249 2951 1342 3004 ana-

310 3060 426 3170 lyces,
436 3081 484 3140 ut
494 3085 639 3166 pamm
651 3057 813 3140 idoneas
823 3059 874 3140 ad
886 3059 988 3142 vines
1000 3085 1343 3169 quorumcunque

309 3196 700 3278 medicamentorum
733 3194 1019 3302 explorandas,
1049 3225 1139 3303 quae
1173 3197 1243 3280 vix
1274 3199 1343 3280 ari-

265 3419 270 3430 ,
309 3331 419 3413 unde
432 3331 610 3438 petendae
626 3352 734 3436 eunt,
754 3359 880 3440 quam
893 3333 943 3412 ab
959 3331 1053 3438 ipsie
1066 3335 1237 3438 aegrotis,
1253 3334 1343 3440 qui-

310 3451 388 3574 bus
403 3468 556 3547 fuerint
573 3467 779 3569 adhibite,

365 3605 475 3690 Usus
490 3602 641 3684 horum
659 3601 839 3684 fontium
856 3605 918 3684 vel
932 3603 1188 3706 extrinsecus,
1207 3606 1270 3686 vel
1284 3607 1345 3688 in-

311 3761 376 3822 tus
395 3759 464 3821 est.
522 3739 635 3820 Tum
665 3766 831 3848 quoque
851 3741 915 3820 vei
938 3761 1074 3820 totum
1092 3768 1237 3847 corpus
1269 3742 1346 3822 im·'

310 3877 522 3984 mergitur,
540 3877 603 3957 vel
616 3877 662 3956 in
679 3869 866 3984 exiguam
879 3869 961 3982 ejus
977 3899 1133 3984 partem
1147 3906 1254 3985 aqua
1272 3879 1347 3960 im-

298 3997 482 4121 pellitur,
513 4039 596 4120 quo
617 4034 734 4120 pacto
756 4012 1113 4096 ‘contractionibus
1142 4016 1346 4096 musculo-

309 4177 419 4250 rum,
429 4171 469 4230 et
480 4149 565 4230 aliis
575 4149 889 4246 distentionibus
903 4150 1162 4234 succurritur.
1192 4151 1348 4236 Advor-

306 4312 377 4370 eus
390 4285 492 4368 levia
502 4285 605 4368 cutis
618 4285 716 4368 vitia
727 4287 920 4368 balneum
933 4286 1087 4394 aliquid
1096 4287 1271 4395 prodest,
1282 4287 1349 4374 vix
