3050 5084
775 417 880 528 ssu

301 611 430 748 patos,
458 624 533 744 qui
552 621 604 718 ab
623 634 740 716 omui
768 635 857 717 labe
875 635 1059 718 Veneres
1086 619 1202 716 liberi
1219 641 1345 716 meliti

302 773 517 858 Assidua
500 761 665 880 jactatio
685 772 842 858 brachii
861 795 901 854 et
929 773 1058 859 cruris
1078 771 1257 876 sinistri,
1268 771 1350 852 ini·

301 913 408 998 tium
427 912 547 993 duxit
565 939 613 993 ex
631 937 775 1018 corpor
776 939 797 990 e
816 911 1064 1036 purulento'
1055 937 1099 991 tn
1119 909 1233 1037 quod
1250 908 1349 1002 dex-

283 1067 364 1132 tra
378 1073 468 1156 pars
483 1048 635 1130 cerebri
650 1065 843 1131 conversa
857 1069 951 1130 etat.
979 1014 1265 1154 Hujusmddi
1279 1070 1350 1126 ex-

300 1188 435 1294 empla
453 1187 584 1268 multa
602 1205 712 1286 sunt,
740 1185 785 1267 in
813 1186 965 1294 quibus
985 1185 1111 1268 modo
1139 1213 1230 1293 pars
1248 1184 1351 1290 ipsa,

301 1323 428 1408 modo
443 1323 558 1430 otigo
577 1349 806 1429 nervorum
818 1323 863 1402 io
882 1323 1061 1424 cerebro,
1079 1346 1151 1427 aut
1170 1319 1350 1404 medulla

294 1461 460 1570 spinali,
480 1455 640 1562 morbo,
659 1483 731 1542 aot
745 1459 788 1540 vi
808 1459 900 1542 laeta
918 1457 1018 1544 fuit·

211 1621 216 1638 ¹
360 1597 561 1712 Quidam,
587 1615 850 1704 postquama
877 1595 990 1680 febre
1005 1597 1227 1704 periculosa
1244 1619 1359 1718 segre1

301 1736 584 1833 convaluisset,
596 1735 749 1820 solebat
768 1755 949 1819 asomno
964 1733 1189 1814 identidem
1201 1733 1351 1818 excitas

165 1917 168 1926 ·
303 1874 339 1956 ti
353 1871 669 1954 distentionibus
681 1895 852 1954 crurum
866 1871 1186 1962 vehementibus.
1233 1871 1351 1954 Tum

305 2009 435 2094 biduo
455 2011 643 2092 triduove
669 2010 911 2118 priusquam
930 2011 1007 2094 illae
1026 2011 1270 2110 accederent,
1288 2037 1353 2092 as-

298 2127 494 2267 surgebat
512 2149 618 2232 circe
637 2133 818 2230 mediam
844 2151 992 2232 tibiam
1010 2169 1151 2233 tumor
1175 2147 1350 2254 exiguus

235 2333 238 2340 ·
302 2285 436 2384 mollis
463 2285 519 2370 ad
552 2285 629 2392 pisi
657 2285 1002 2392 magnitudinem,
1029 2285 1104 2396 qui
1123 2284 1349 2376 certissimo

304 2448 460 2530 temper
471 2423 622 2514 indicio
635 2421 716 2504 fuit
729 2422 984 2507 distentionis
997 2449 1094 2512 mox
1105 2421 1318 2506 invasore.

280 2634 282 2644 .
360 2559 503 2674 Exciso
522 2557 711 2642 testiculo
730 2549 945 2662 scittltoso,
973 2584 1085 2649 sexto
1103 2559 1168 2642 die
1187 2560 1352 2654 accessit

304 2696 519 2781 difficultas
531 2697 721 2806 quedam
732 2697 1351 2806 devorandtseopotiussensus

306 2815 602 2934 suffocetionis3
630 2833 760 2916 biduo
794 2855 932 2942 postea
963 2835 1127 2918 maxilla
1154 2835 1262 2920 facta
1288 2853 1351 2930 est

301 2970 557 3071 ·immobilie;
584 2993 624 3054 et
654 2997 757 3078 aeger
786 2971 901 3054 brevi
934 2972 1063 3079 petiit.
1122 2971 1238 3056 Idem
1265 2971 1352 3064 fere

306 3111 463 3190 matum
475 3108 612 3222 ridiin
623 3107 797 3192 foemina
810 3109 1024 3219 hystorico,
1035 3109 1224 3218 quemvis
1236 3107 1351 3200 nulla

227 3297 240 3318 ι
305 3270 406 3328 esset
416 3245 670 3348 exulceratio,
680 3268 722 3330 et
735 3241 899 3328 nullum
910 3249 1074 3332 vulnus.
1126 3249 1227 3331 Hoec
1242 3274 1350 3354 egre

306 3383 482 3466 extincta
504 3404 565 3465 est
583 3383 743 3464 decimo
770 3383 909 3468 morbi
927 3383 1007 3488 die,
1033 3384 1129 3539 opio
1146 3405 1187 3484 et
1204 3383 1350 3474 balneo

227 3543 228 3547 ’
307 3521 513 3604 incassum
532 3521 705 3605 tentatib-

364 3659 414 3738 In
446 3679 559 3740 aetate
595 3659 741 3765 puerili
773 3687 860 3749 non
896 3659 1186 3749 tantummodo
1216 3658 1350 3748 febres

268 3871 270 3887 ,
307 3793 526 3895 continuo,
553 3795 623 3878 sed
652 3823 754 3903 saepe
787 3797 911 3880 etiam
940 3798 1265 3898 intermittentes,
1291 3789 1373 3882 fet-¹

306 3932 425 4014 ciunt
452 3955 574 4039 capot
606 3932 659 4015 ad
692 3937 866 4018 alterum
893 3935 1118 4023 humetum
1149 3933 1348 4022 inclinari.

311 4071 569 4185 Quanquam
589 4099 675 4153 noo
705 4099 797 4156 rato
821 4072 928 4154 mibi
961 4073 1181 4160 occurrerit
1209 4073 1352 4180 hujus·

173 4253 175 4259 s
309 4207 426 4322 modi
453 4209 595 4316 capitis
628 4209 852 4313 inclinatio,
879 4239 1099 4321 nunquam
1130 4214 1230 4296 nori
1260 4239 1350 4296 mm

310 4371 542 4453 permanere
556 4343 670 4430 febre
689 4343 817 4434 finita.
866 4349 915 4432 lo
931 4331 1181 4458 quibusdem
1195 4349 1352 4451 vetulis,
1494 4407 1495 4418 κ
