3016 5076
778 473 852 577 ³54

301 713 308 727 ”
346 687 536 795 Denique
554 685 623 766 hic
641 685 812 769 morbus
830 713 1097 795 nequaquam
1115 685 1243 795 parcit
1261 687 1340 774 im.

290 827 529 936 puberibus,
558 823 633 931 qui
650 851 698 905 eo
712 823 924 906 interdum
942 825 1119 932 graviter
1136 827 1342 932 laborant;

289 963 425 1046 nescio
456 975 509 1044 an
528 961 588 1041 illi
606 962 847 1066 praesertim,
882 962 957 1070 qui
975 962 1233 1045 haereditario
1246 966 1340 1074 jure

290 1099 422 1182 futuri
443 1121 540 1179 sunt
559 1097 768 1186 arthritici.
1242 1187 1243 1193 γ
1491 1199 1492 1208 ¹

347 1240 425 1318 Hae
445 1234 641 1343 profecto,
669 1263 761 1316 meo
785 1236 957 1343 judicio,
991 1236 1207 1344 proecipuae
1227 1261 1338 1324 notae
1435 1247 1438 1251 ’
1491 1267 1492 1336 J

292 1397 402 1475 sunt,
430 1374 583 1482 quibus
603 1373 648 1453 hi
663 1373 747 1454 duo
762 1375 900 1455 morbi
917 1373 1229 1458 discernuntur:
1260 1375 1342 1466 sint

196 1603 197 1608 Ν
278 1514 383 1595 -licet
398 1513 550 1619 aegroti,
570 1513 615 1592 in
628 1511 780 1619 quibus
797 1512 914 1618 signa
927 1513 1150 1593 arthritidis
1166 1535 1206 1594 et
1220 1513 1341 1596 rheu·

291 1651 472 1732 matismi
487 1650 586 1730 adeo
598 1629 927 1749 commiscentur,
957 1671 998 1729 et
1011 1649 1341 1754 confunduntur,

225 1889 230 1898 ⁶
290 1810 340 1869 ut
358 1787 471 1868 haud
492 1787 607 1866 dictu
629 1785 807 1892 proclive
835 1807 895 1868 est
922 1787 975 1868 ad
1004 1808 1148 1868 utrum
1179 1789 1337 1872 dolores

288 1927 376 2008 ‘sint
396 1923 608 2004 referendi.

349 2065 441 2142 Hos
459 2061 640 2159 morbos,
669 2081 859 2165 cognatos
880 2087 987 2156 sane,
1017 2088 1259 2170 quanquam
1275 2063 1343 2162 'fa-

293 2197 371 2280 cies
391 2223 476 2278 non
495 2197 661 2302 utrique
679 2225 775 2296 una,
804 2199 867 2276 vel
887 2199 1081 2298 multum,
1109 2201 1172 2280 vel
1191 2227 1342 2306 parum

292 2359 431 2418 nostra
460 2335 641 2415 intererit
673 2316 1057 2436 accurateosfinire,
1090 2360 1214 2442 prout
1237 2343 1343 2420 ratio

292 2503 360 2556 eos
375 2472 545 2556 curandi
561 2470 716 2572 similis,
735 2473 799 2552 vel
817 2473 975 2554 diversa
993 2501 1075 2554 esse
1096 2477 1340 2559 censebitur.

292 2611 478 2718 Plerique
493 2631 651 2690 autores
667 2608 767 2688 olim
781 2633 1071 2690 consenserunt
1085 2589 1263 2693 remedia
1277 2635 1342 2693 ar-

211 2856 215 2862 ·
293 2745 473 2829 thritidis
488 2773 570 2827 esse
586 2771 751 2851 prorsus
766 2747 966 2827 contraria
980 2749 1029 2828 iis
1050 2776 1145 2854 quse
1166 2772 1342 2854 prosunt

293 2886 485 2970 adversus
500 2881 853 2964 rheumatismum.
903 2874 1066 2965 Etenim
1083 2887 1341 2969 contendunt

292 3019 536 3105 calidissima
550 3047 730 3130 quaeque
746 3019 804 3102 illi
819 3023 1056 3121 convenire3
1086 3023 1137 3103 ab
1157 3021 1235 3104 hoc
1251 3049 1343 3103 om·

293 3159 443 3266 nigena
475 3156 753 3261 refrigerantia
784 3159 989 3262 postulari.
1054 3159 1342 3268 Sydenhamua

294 3295 537 3400 sanguinem
545 3293 704 3374 mittere
716 3292 905 3400 prohibet
917 3295 961 3375 in
973 3295 1200 3397 arthritide3
1214 3323 1343 3404 quem

284 3433 406 3516 idem
434 3431 480 3512 in
499 3430 793 3512 rheumatismo
815 3455 970 3538 quater,
999 3456 1075 3514 aut
1089 3436 1247 3542 saepius,
1275 3463 1345 3516 co-

294 3569 406 3679 piose
424 3567 722 3650 detrahendum
754 3569 960 3675 pracepit..
1015 3573 1209 3652 Attamen
1227 3573 1273 3650 in
1292 3572 1343 3654 iis

187 3761 191 3772 ι
295 3731 388 3814 quae
407 3727 544 3812 postea
562 3703 762 3812 scripsit*,
791 3706 952 3786 videtur
968 3707 1124 3814 aliquid
1142 3705 1364 3790 remittere
1417 3774 1419 3778 .
1491 3741 1492 3812 3

293 3840 469 3924 voluisse
480 3841 531 3924 de
543 3843 664 3924 tantis
676 3843 885 3956 sanguinis
898 3843 1175 3945 missionibus,
1186 3845 1347 3952 quasin

295 4005 382 4062 uno
397 4001 547 4087 aegroto
561 4007 647 4061 non
665 3979 769 4061 bene
788 3981 947 4062 cessisse
967 4003 1225 4088 compererat.

350 4119 462 4204 Usus
478 4139 646 4202 centum
660 4145 866 4200 annorum
887 4114 966 4226 (rot
984 4120 1095 4203 enim
1114 4139 1250 4204 sunta
1267 4121 1345 4232 Sy·⁴

511 4427 538 4500 θ,
550 4427 612 4488 Sub
625 4425 716 4492 finem
732 4424 827 4508 Epist.
849 4425 991 4508 Respons.
1010 4427 1121 4508 primae.
