2990 5078
298 683 393 745 tuor
411 659 563 768 primos
578 655 670 738 vitae
690 668 832 758 annos,
849 655 970 738 aliam
988 657 1238 743 curationem
1249 687 1338 744 non

297 798 487 906 postulat,
513 793 592 875 nisi
622 815 669 886 ut
701 813 833 902 partes
859 793 941 876 illoe
970 821 1077 902 stepe
1107 797 1338 880 colluantur

299 960 405 1042 aqua
416 931 566 1038 tepida;
587 929 700 1037 quod
712 929 745 1010 si
756 930 931 1011 cuticula
942 931 1077 1013 attrita
1087 931 1152 1033 sit,
1162 932 1338 1024 linteum
1381 979 1384 996 ·

298 1046 511 1175 unguento
531 1067 676 1174 quovis
705 1066 786 1146 leni
799 1065 1031 1148 delibutum
1054 1067 1159 1150 inter
1177 1069 1346 1178 aurien-¹

286 1205 383 1286 'lam
400 1226 440 1285 et
454 1225 576 1309 caput
594 1202 671 1284 erit
687 1202 1039 1310 interponendum.
1100 1206 1339 1312 Reprimen-

300 1341 358 1422 tla
384 1341 523 1421 omnia
544 1337 710 1422 vitanda
734 1361 859 1442 sunt;
886 1341 1084 1447 quoniam
1111 1342 1340 1432 intulerunt

301 1475 580 1559 difficultatem
600 1475 792 1584 spirandi,
816 1503 1036 1564 nervorum
1063 1475 1342 1582 distensiones,

303 1638 425 1723 atque
444 1614 520 1694 alla
534 1614 652 1714 mala,
671 1605 851 1720 quotum
865 1614 969 1694 nihil
982 1614 1200 1717 accidisset,
1217 1617 1251 1697 si
1263 1616 1339 1698 soll

302 1773 456 1834 naturae
476 1761 536 1831 'res
561 1749 703 1830 fuisset
721 1749 928 1856 permissa²
953 1779 1058 1859 quae,
1074 1751 1160 1832 sins
1186 1751 1338 1835 auxilio

301 1889 411 1989 artis,
430 1887 629 1995 quicquid
639 1909 699 1968 est
712 1887 810 1966 mali
826 1889 1113 1990 summovebit,
1127 1891 1337 1998 quampri-

301 2051 422 2106 mum
436 2025 657 2106 sonveniat.
703 2023 793 2104 Ubi
804 2049 900 2104 vero
909 2051 959 2146 Ιειι
974 2053 1052 2106 usu
1067 2025 1338 2108 medicamen-
1401 2031 1408 2046 ‘

303 2181 442 2240 torum
479 2159 764 2242 exsiccandum
794 2181 898 2265 puer
931 2159 1098 2266 coeperit
1128 2183 1337 2266 aegrotare,

173 2272 176 2282 „
279 2325 282 2330 ·
302 2294 401 2376 utile
421 2295 498 2376 erit
516 2315 775 2400 unguentum
790 2294 1047 2414 cantharidis,
1061 2295 1174 2402 quod
1188 2295 1337 2380 humo-

301 2458 388 2528 tem
407 2453 563 2512 revocet
581 2431 626 2509 in
644 2431 731 2518 loca
749 2451 948 2514 consueta.
1022 2487 1030 2504 ·

354 2569 403 2647 ln
422 2565 567 2648 adultis
587 2593 671 2648 non
690 2565 858 2674 quidem
876 2568 1110 2674 periculosa,
1137 2567 1207 2650 ssd
1225 2597 1334 2677 saeps
1392 2561 1394 2568 ’

200 2785 204 2792 ,
299 2701 537 2796 difficillima
564 2723 706 2784 sanatu
726 2725 821 2786 sunt
848 2731 894 2788 ea
911 2705 1030 2804 mala,
1059 2705 1335 2813 quibuscutis

301 2841 477 2922 obnoxia
506 2865 575 2922 est.
633 2840 768 2922 Multa
795 2841 906 2932 enim
925 2845 1034 2940 sunt,
1062 2867 1153 2948 quae
1179 2843 1335 2926 insede-

301 2997 400 3058 runt
424 2977 597 3084 penitus,
625 2997 665 3058 et
678 2977 1015 3076 inveteraverunt,
1043 2977 1099 3058 sic
1119 3000 1167 3058 ut
1196 2980 1335 3062 omnia

288 3137 488 3219 'superent
501 3113 676 3194 remedia
694 3112 950 3213 extrinsecus,
969 3114 1032 3195 vel
1045 3113 1156 3197 intus
1176 3115 1335 3198 adhibi..

299 3269 355 3331 ta:
385 3277 486 3356 saepe
498 3275 663 3356 quoqne
677 3225 1070 3336 falsosnistimantur
1084 3250 1228 3352 sanari,
1242 3279 1333 3360 qun

300 3387 424 3466 modo
440 3365 660 3491 adtempus
673 3386 909 3468 subsistunt.
953 3389 1151 3496 Nequsin
1165 3390 1335 3495 proclivi

301 3543 360 3602 est
386 3520 607 3602 discernere
636 3521 835 3604 medicina
854 3523 1083 3624 vincantur,
1112 3551 1165 3606 an
1192 3547 1334 3634 sponte

300 3685 386 3759 sua,
415 3681 463 3739 ut
481 3659 622 3759 solent,
647 3657 890 3759 recesserint,
917 3685 1016 3742 mox
1045 3661 1195 3744 iterum
1228 3663 1335 3745 redi.

298 3814 402 3876 tuta.
445 3795 494 3873 In
509 3793 757 3900 quibusdam
772 3818 990 3904 postquam
1009 3797 1335 3905 conquievissent

298 3932 445 4038 viginti
460 3959 600 4031 annos,
610 3913 779 4014 demum
791 3959 946 4018 reversa
957 3957 1067 4036 sunt,
1077 3955 1118 4017 et
1131 3936 1335 4020 indomito

295 4067 433 4150 furore
445 4069 663 4152 saevierunt
670 4103 681 4168 ;
711 4069 1045 4176 palamfacientia
1056 4099 1219 4155 causam
1229 4095 1334 4156 tam-
1487 4173 1488 4182 Ν

293 4205 367 4287 diu
385 4207 495 4287 intus
516 4207 705 4287 latentem
733 4231 819 4288 non
839 4208 1043 4306 minutam
1063 4211 1245 4318 quidem,
1264 4237 1333 4294 nee
1388 4312 1399 4324 Ι

291 4344 395 4427 dum
414 4345 619 4426 sublatam
636 4371 730 4442 esse,
850 4401 856 4414 ι
1084 4331 1088 4338 ’
