3002 5086
790 419 888 520 158

730 743 851 844 Cor„
866 749 932 826 38.

566 953 633 1036 De
654 949 776 1033 Febre
793 953 1102 1034 Intermittente.

365 1143 591 1224 Accessro
617 1139 741 1219 febris
771 1137 1075 1220 intermittentis
1095 1165 1187 1220 raro
1216 1161 1359 1224 manes

312 1280 486 1385 amplius
502 1276 648 1382 viginti
664 1275 788 1376 horis,
802 1297 842 1356 et
853 1277 1094 1383 plerumque
1109 1275 1272 1356 brevior
1281 1299 1357 1360 est.

311 1417 472 1494 Horror
490 1437 530 1496 et
548 1413 692 1518 frigus,
711 1421 733 1492 a'
753 1413 905 1518 quibus
925 1409 1081 1518 incipit,
1098 1419 1358 1520 perseverant

309 1551 435 1632 modo
447 1549 705 1648 semihoram,
723 1549 848 1630 modo
862 1549 980 1630 horas
996 1550 1122 1650 duas;
1151 1573 1243 1631 tum
1255 1579 1356 1632 con-

311 1711 539 1796 sequuntur
551 1689 657 1768 calor
672 1709 711 1768 et
718 1685 897 1800 jactatio,
913 1715 1008 1794 quae
1024 1687 1170 1768 sudore
1185 1688 1353 1768 solvun-

292 1847 390 1905 *tun
449 1825 582 1905 Sudor
612 1851 707 1904 vero
744 1823 875 1928 major
917 1823 993 1906 erit
1029 1825 1094 1904 vel
1129 1823 1280 1922 minor,
1314 1844 1353 1906 et

312 1989 437 2071 ocyus
456 1963 520 2043 vel
539 1961 693 2041 tardius
713 1959 892 2060 finietur,
910 1981 1032 2067 prout
1047 1988 1149 2067 aeger
1165 1963 1255 2067 plus
1275 1961 1353 2042 mi-

312 2125 441 2178 nusve
456 2099 631 2204 potionis
644 2098 786 2204 tepidae
807 2098 1051 2196 assumserit,
1061 2119 1101 2178 et
1112 2123 1186 2202 pro
1198 2098 1353 2178 ratione

312 2235 453 2314 caloris
477 2235 521 2322 in
551 2263 636 2341 quo
662 2257 832 2316 tenetur.
890 2234 1147 2316 Accessiones
1175 2233 1353 2316 control

312 2369 584 2478 quotidianae3
615 2373 677 2452 vel
697 2363 888 2472 tertianae,
917 2371 1065 2454 scilicet
1080 2400 1173 2478 quae
1190 2373 1352 2454 alternis

310 2509 454 2590 diebus
486 2509 680 2608 redeunt3
709 2509 773 2588 vel
803 2507 887 2590 duo
907 2508 990 2588 dies
1019 2509 1348 2616 interponuntur,

209 2641 211 2648 ’
312 2673 403 2751 quae
415 2643 539 2726 febris
552 2647 773 2751 appellatur
785 2667 992 2752 quartana.
1030 2645 1348 2762 Intermissiones

312 2781 445 2862 adhuc
460 2782 659 2888 longiores
679 2783 888 2862 interdum
908 2781 1028 2881 fiunt,
1056 2779 1125 2862 sed
1144 2803 1229 2862 tam
1248 2809 1351 2882 raro,

311 2939 360 2999 nt
378 2917 500 3025 hujus
519 2921 674 3026 generis
693 2919 824 3002 febres
844 2948 916 3000 nec
937 2945 1101 3018 nomen,
1119 2947 1192 3000 nec
1212 2917 1349 3001 locum

309 3057 356 3138 in
378 3055 491 3138 libris
511 3057 765 3138 medicorum
791 3079 862 3138 aut
882 3055 1032 3162 adeptae
1057 3055 1152 3156 sint,
1180 3077 1250 3138 aut
1267 3083 1351 3138 me-

312 3195 479 3277 ruerint.
1165 3195 1168 3202 ’

367 3335 511 3414 Praeter
523 3355 712 3414 consueta
722 3331 903 3417 febrium
915 3331 1042 3438 signa,
1056 3331 1132 3413 alia
1144 3331 1352 3415 interdum

312 3470 508 3550 accedunt
515 3507 526 3570 ;
546 3469 681 3577 qualia
693 3493 789 3552 sunt
803 3469 961 3551 dolores
974 3469 1228 3570 rheumatici,
1240 3497 1352 3550 men·
1390 3473 1394 3482 '

312 3606 363 3688 tis
383 3607 582 3708 alienatio,
613 3609 788 3714 pustulae
816 3607 985 3706 incute,
1013 3607 1169 3690 dolores
1189 3606 1350 3707 ventris,

312 3742 554 3826 defectiones
585 3745 744 3846 animae,
772 3745 887 3825 dolor
916 3767 955 3825 et
986 3767 1124 3860 tumor
1153 3745 1351 3826 testiculo·-

313 3907 421 3981 rum,
457 3905 661 3988 postremo
704 3881 956 3994 imbecillitas
999 3880 1082 3962 fere
1122 3885 1349 3992 paralytica.

313 4020 413 4100 Haec
429 4021 567 4100 omnia
593 4021 698 4100 mihi
716 4049 797 4100 usu
811 4021 972 4125 cognita
992 4043 1101 4116 sunt,
1122 4043 1161 4102 et
1180 4051 1277 4103 curn
1295 4021 1351 4102 fe-
1377 3993 1383 4007 ³

312 4157 384 4237 bre
404 4157 528 4240 simul
548 4179 812 4258 accesserunt,
830 4157 1180 4266 decessorumque,
1209 4183 1249 4241 et
1268 4183 1351 4242 tan·

312 4295 409 4374 dem
426 4296 493 4378 illa
509 4320 644 4378 sanata
664 4297 850 4403 protinus
870 4297 1202 4403 conquieverunt
