<?xml version="1.0" encoding="UTF-8"?>
<!DOCTYPE html PUBLIC "-//W3C//DTD XHTML 1.0 Transitional//EN"
    "http://www.w3.org/TR/xhtml1/DTD/xhtml1-transitional.dtd">
<html xmlns="http://www.w3.org/1999/xhtml" xml:lang="en" lang="en">
 <head>
  <title>
</title>
<meta http-equiv="Content-Type" content="text/html;charset=utf-8" />
  <meta name='ocr-system' content='tesseract 3.04.00' />
  <meta name='ocr-capabilities' content='ocr_page ocr_carea ocr_par ocr_line ocrx_word'/>
</head>
<body>
  <div class='ocr_page' id='page_1' title='image "./commentariidemo00hebegoog_0187.png"; bbox 0 0 3002 5086; ppageno 0'>
   <div class='ocr_carea' id='block_1_1' title="bbox 630 443 885 616">
    <p class='ocr_par' dir='ltr' id='par_1_1' title="bbox 630 443 885 616">
     <span class='ocr_line' id='line_1_1' title="bbox 630 443 885 616; baseline 0.012 -19"><span class='ocrx_word' id='word_1_1' title='bbox 630 443 885 616; x_wconf 51' lang='lat'>&#39;⁸170</span> 
     </span>
    </p>
   </div>
   <div class='ocr_carea' id='block_1_2' title="bbox 167 709 1355 818">
    <p class='ocr_par' dir='ltr' id='par_1_2' title="bbox 167 709 1355 818">
     <span class='ocr_line' id='line_1_2' title="bbox 167 709 1355 818; baseline -0.01 -14"><span class='ocrx_word' id='word_1_2' title='bbox 167 803 176 812; x_wconf 81' lang='grc'>,</span> <span class='ocrx_word' id='word_1_3' title='bbox 272 768 276 776; x_wconf 54' lang='lat'><em>1</em></span> <span class='ocrx_word' id='word_1_4' title='bbox 310 712 523 800; x_wconf 86' lang='lat' dir='ltr'>Peruviani</span> <span class='ocrx_word' id='word_1_5' title='bbox 534 709 723 794; x_wconf 82' lang='lat' dir='ltr'>adversus</span> <span class='ocrx_word' id='word_1_6' title='bbox 738 709 976 818; x_wconf 88' lang='lat' dir='ltr'>hujusmodi</span> <span class='ocrx_word' id='word_1_7' title='bbox 989 709 1278 816; x_wconf 81' lang='lat' dir='ltr'>aegrotationes,</span> <span class='ocrx_word' id='word_1_8' title='bbox 1290 731 1355 793; x_wconf 86' lang='lat' dir='ltr'>ta-</span> 
     </span>
    </p>
   </div>
   <div class='ocr_carea' id='block_1_3' title="bbox 264 846 1359 1778">
    <p class='ocr_par' dir='ltr' id='par_1_3' title="bbox 264 846 1359 1778">
     <span class='ocr_line' id='line_1_3' title="bbox 309 846 1357 956; baseline -0.005 -22"><span class='ocrx_word' id='word_1_9' title='bbox 309 878 409 934; x_wconf 86' lang='lat' dir='ltr'>men</span> <span class='ocrx_word' id='word_1_10' title='bbox 426 849 563 932; x_wconf 86' lang='lat' dir='ltr'>nullus</span> <span class='ocrx_word' id='word_1_11' title='bbox 582 847 729 930; x_wconf 90' lang='lat' dir='ltr'>dubito</span> <span class='ocrx_word' id='word_1_12' title='bbox 755 847 859 956; x_wconf 89' lang='lat' dir='ltr'>quin</span> <span class='ocrx_word' id='word_1_13' title='bbox 877 869 991 928; x_wconf 85' lang='lat' dir='ltr'>tutus</span> <span class='ocrx_word' id='word_1_14' title='bbox 1011 846 1074 928; x_wconf 91' lang='lat' dir='ltr'>sit.</span> <span class='ocrx_word' id='word_1_15' title='bbox 1131 847 1220 928; x_wconf 89' lang='lat' dir='ltr'>Nisi</span> <span class='ocrx_word' id='word_1_16' title='bbox 1238 848 1357 929; x_wconf 87' lang='lat' dir='ltr'>enim</span> 
     </span>
     <span class='ocr_line' id='line_1_4' title="bbox 310 983 1358 1084; baseline -0.004 -14"><span class='ocrx_word' id='word_1_17' title='bbox 310 990 452 1070; x_wconf 85' lang='lat' dir='ltr'>alvum</span> <span class='ocrx_word' id='word_1_18' title='bbox 477 987 613 1074; x_wconf 81' lang='lat' dir='ltr'>fusam</span> <span class='ocrx_word' id='word_1_19' title='bbox 640 983 745 1066; x_wconf 86' lang='lat' dir='ltr'>forte</span> <span class='ocrx_word' id='word_1_20' title='bbox 768 985 923 1084; x_wconf 89' lang='lat' dir='ltr'>excitet,</span> <span class='ocrx_word' id='word_1_21' title='bbox 951 1011 1192 1066; x_wconf 88' lang='lat' dir='ltr'>nauseamve</span> <span class='ocrx_word' id='word_1_22' title='bbox 1219 985 1358 1068; x_wconf 85' lang='lat' dir='ltr'>levem</span> 
     </span>
     <span class='ocr_line' id='line_1_5' title="bbox 264 1119 1355 1228; baseline -0.005 -20"><span class='ocrx_word' id='word_1_23' title='bbox 264 1129 266 1134; x_wconf 79' lang='grc'><strong>’</strong></span> <span class='ocrx_word' id='word_1_24' title='bbox 309 1145 472 1208; x_wconf 85' lang='lat' dir='ltr'>moveat</span> <span class='ocrx_word' id='word_1_25' title='bbox 488 1123 535 1204; x_wconf 91' lang='lat' dir='ltr'>in</span> <span class='ocrx_word' id='word_1_26' title='bbox 553 1121 761 1205; x_wconf 85' lang='lat' dir='ltr'>stomacho</span> <span class='ocrx_word' id='word_1_27' title='bbox 773 1119 1012 1222; x_wconf 86' lang='lat' dir='ltr'>infirmiore,</span> <span class='ocrx_word' id='word_1_28' title='bbox 1031 1121 1105 1202; x_wconf 94' lang='lat' dir='ltr'>ubi</span> <span class='ocrx_word' id='word_1_29' title='bbox 1120 1121 1250 1228; x_wconf 88' lang='lat' dir='ltr'>major</span> <span class='ocrx_word' id='word_1_30' title='bbox 1263 1121 1355 1228; x_wconf 91' lang='lat' dir='ltr'>ejus</span> 
     </span>
     <span class='ocr_line' id='line_1_6' title="bbox 310 1259 1358 1374; baseline -0.003 -29"><span class='ocrx_word' id='word_1_31' title='bbox 310 1261 458 1344; x_wconf 85' lang='lat' dir='ltr'>modus</span> <span class='ocrx_word' id='word_1_32' title='bbox 470 1261 587 1344; x_wconf 86' lang='lat' dir='ltr'>datus</span> <span class='ocrx_word' id='word_1_33' title='bbox 602 1281 674 1361; x_wconf 87' lang='lat' dir='ltr'>est,</span> <span class='ocrx_word' id='word_1_34' title='bbox 688 1283 778 1342; x_wconf 93' lang='lat' dir='ltr'>tum</span> <span class='ocrx_word' id='word_1_35' title='bbox 793 1260 991 1374; x_wconf 77' lang='lat' dir='ltr'>praecipue</span> <span class='ocrx_word' id='word_1_36' title='bbox 1005 1259 1081 1340; x_wconf 91' lang='lat' dir='ltr'>ubi</span> <span class='ocrx_word' id='word_1_37' title='bbox 1095 1259 1140 1340; x_wconf 89' lang='lat' dir='ltr'>in</span> <span class='ocrx_word' id='word_1_38' title='bbox 1154 1259 1358 1366; x_wconf 82' lang='lat' dir='ltr'>catapotia</span> 
     </span>
     <span class='ocr_line' id='line_1_7' title="bbox 306 1396 1359 1504; baseline -0.008 -18"><span class='ocrx_word' id='word_1_39' title='bbox 306 1399 415 1486; x_wconf 82' lang='lat' dir='ltr'>dura</span> <span class='ocrx_word' id='word_1_40' title='bbox 425 1421 584 1487; x_wconf 86' lang='lat' dir='ltr'>coactus</span> <span class='ocrx_word' id='word_1_41' title='bbox 596 1419 668 1498; x_wconf 82' lang='lat' dir='ltr'>est,</span> <span class='ocrx_word' id='word_1_42' title='bbox 678 1397 782 1477; x_wconf 91' lang='lat' dir='ltr'>nihil</span> <span class='ocrx_word' id='word_1_43' title='bbox 794 1420 981 1504; x_wconf 76' lang='lat' dir='ltr'>praterea</span> <span class='ocrx_word' id='word_1_44' title='bbox 993 1398 1090 1478; x_wconf 85' lang='lat' dir='ltr'>mali</span> <span class='ocrx_word' id='word_1_45' title='bbox 1101 1419 1172 1478; x_wconf 90' lang='lat' dir='ltr'>aut</span> <span class='ocrx_word' id='word_1_46' title='bbox 1185 1396 1266 1495; x_wconf 90' lang='lat' dir='ltr'>hic,</span> <span class='ocrx_word' id='word_1_47' title='bbox 1280 1418 1359 1478; x_wconf 91' lang='lat' dir='ltr'>aut</span> 
     </span>
     <span class='ocr_line' id='line_1_8' title="bbox 311 1533 1357 1643; baseline -0.003 -25"><span class='ocrx_word' id='word_1_48' title='bbox 311 1535 422 1637; x_wconf 87' lang='lat' dir='ltr'>alibi,</span> <span class='ocrx_word' id='word_1_49' title='bbox 439 1565 488 1616; x_wconf 89' lang='lat' dir='ltr'>ex</span> <span class='ocrx_word' id='word_1_50' title='bbox 504 1536 574 1617; x_wconf 89' lang='lat' dir='ltr'>illo</span> <span class='ocrx_word' id='word_1_51' title='bbox 593 1533 822 1643; x_wconf 89' lang='lat' dir='ltr'>profectum</span> <span class='ocrx_word' id='word_1_52' title='bbox 836 1533 1019 1616; x_wconf 89' lang='lat' dir='ltr'>memini.</span> <span class='ocrx_word' id='word_1_53' title='bbox 1077 1535 1191 1614; x_wconf 85' lang='lat' dir='ltr'><strong>Idem</strong></span> <span class='ocrx_word' id='word_1_54' title='bbox 1210 1533 1357 1616; x_wconf 87' lang='lat' dir='ltr'>audivi</span> 
     </span>
     <span class='ocr_line' id='line_1_9' title="bbox 310 1669 1356 1778; baseline -0.004 -24"><span class='ocrx_word' id='word_1_55' title='bbox 310 1698 359 1754; x_wconf 85' lang='lat' dir='ltr'>ex</span> <span class='ocrx_word' id='word_1_56' title='bbox 377 1671 535 1754; x_wconf 88' lang='lat' dir='ltr'>medico</span> <span class='ocrx_word' id='word_1_57' title='bbox 550 1698 686 1778; x_wconf 79' lang='lat' dir='ltr'>sagace</span> <span class='ocrx_word' id='word_1_58' title='bbox 700 1671 902 1752; x_wconf 84' lang='lat' dir='ltr'>Edwardo</span> <span class='ocrx_word' id='word_1_59' title='bbox 921 1672 1065 1771; x_wconf 83' lang='lat' dir='ltr'>Hulse‚</span> <span class='ocrx_word' id='word_1_60' title='bbox 1094 1669 1168 1778; x_wconf 89' lang='lat' dir='ltr'>qui</span> <span class='ocrx_word' id='word_1_61' title='bbox 1186 1697 1258 1776; x_wconf 87' lang='lat' dir='ltr'>per</span> <span class='ocrx_word' id='word_1_62' title='bbox 1276 1697 1356 1751; x_wconf 89' lang='lat' dir='ltr'>an-</span> 
     </span>
    </p>
   </div>
   <div class='ocr_carea' id='block_1_4' title="bbox 310 1807 1500 2057">
    <p class='ocr_par' dir='ltr' id='par_1_4' title="bbox 310 1807 1500 2057">
     <span class='ocr_line' id='line_1_10' title="bbox 310 1807 1500 1928; baseline -0.007 -36"><span class='ocrx_word' id='word_1_63' title='bbox 310 1835 385 1892; x_wconf 86' lang='lat' dir='ltr'>nos</span> <span class='ocrx_word' id='word_1_64' title='bbox 418 1809 688 1920; x_wconf 85' lang='lat' dir='ltr'>quadraginta</span> <span class='ocrx_word' id='word_1_65' title='bbox 720 1809 811 1916; x_wconf 84' lang='lat' dir='ltr'>plus</span> <span class='ocrx_word' id='word_1_66' title='bbox 830 1807 953 1916; x_wconf 87' lang='lat' dir='ltr'>hujus</span> <span class='ocrx_word' id='word_1_67' title='bbox 983 1807 1141 1890; x_wconf 85' lang='lat' dir='ltr'>corticis</span> <span class='ocrx_word' id='word_1_68' title='bbox 1176 1807 1361 1908; x_wconf 83' lang='lat' dir='ltr'>dederat,</span> <span class='ocrx_word' id='word_1_69' title='bbox 1499 1865 1500 1928; x_wconf 14' lang='grc' dir='ltr'>ᾖ</span> 
     </span>
     <span class='ocr_line' id='line_1_11' title="bbox 310 1944 1500 2057; baseline -0.004 -28"><span class='ocrx_word' id='word_1_70' title='bbox 310 1975 439 2057; x_wconf 91' lang='lat' dir='ltr'>quam</span> <span class='ocrx_word' id='word_1_71' title='bbox 457 1946 557 2028; x_wconf 89' lang='lat' dir='ltr'>alius</span> <span class='ocrx_word' id='word_1_72' title='bbox 577 1945 800 2054; x_wconf 85' lang='lat' dir='ltr'>quiequam</span> <span class='ocrx_word' id='word_1_73' title='bbox 818 1946 1000 2028; x_wconf 85' lang='lat' dir='ltr'>medicus</span> <span class='ocrx_word' id='word_1_74' title='bbox 1019 1967 1129 2028; x_wconf 84' lang='lat' dir='ltr'>extra</span> <span class='ocrx_word' id='word_1_75' title='bbox 1145 1944 1361 2052; x_wconf 87' lang='lat' dir='ltr'>Angliam,</span> <span class='ocrx_word' id='word_1_76' title='bbox 1499 1985 1500 2034; x_wconf 75' lang='lat'><em>;</em></span> 
     </span>
    </p>
   </div>
   <div class='ocr_carea' id='block_1_5' title="bbox 310 2081 1449 3288">
    <p class='ocr_par' dir='ltr' id='par_1_5' title="bbox 310 2081 1449 3288">
     <span class='ocr_line' id='line_1_12' title="bbox 311 2081 1359 2190; baseline 0.001 -25"><span class='ocrx_word' id='word_1_77' title='bbox 311 2086 377 2166; x_wconf 79' lang='lat' dir='ltr'>vel</span> <span class='ocrx_word' id='word_1_78' title='bbox 393 2083 559 2165; x_wconf 86' lang='lat' dir='ltr'>fortasse</span> <span class='ocrx_word' id='word_1_79' title='bbox 577 2081 623 2164; x_wconf 92' lang='lat' dir='ltr'>in</span> <span class='ocrx_word' id='word_1_80' title='bbox 636 2082 785 2190; x_wconf 86' lang='lat' dir='ltr'>Anglia</span> <span class='ocrx_word' id='word_1_81' title='bbox 799 2083 895 2190; x_wconf 85' lang='lat' dir='ltr'>ipsa.</span> <span class='ocrx_word' id='word_1_82' title='bbox 953 2085 1064 2165; x_wconf 81' lang='lat' dir='ltr'>Usus</span> <span class='ocrx_word' id='word_1_83' title='bbox 1079 2082 1206 2164; x_wconf 89' lang='lat' dir='ltr'>indies</span> <span class='ocrx_word' id='word_1_84' title='bbox 1221 2082 1359 2190; x_wconf 81' lang='lat' dir='ltr'>magia</span> 
     </span>
     <span class='ocr_line' id='line_1_13' title="bbox 310 2215 1358 2327; baseline -0.001 -26"><span class='ocrx_word' id='word_1_85' title='bbox 310 2218 524 2327; x_wconf 85' lang='lat' dir='ltr'>magisque</span> <span class='ocrx_word' id='word_1_86' title='bbox 538 2215 796 2302; x_wconf 87' lang='lat' dir='ltr'>confirmavit</span> <span class='ocrx_word' id='word_1_87' title='bbox 809 2218 1181 2302; x_wconf 82' lang='lat' dir='ltr'>ha&#39;ncsententiam.</span> <span class='ocrx_word' id='word_1_88' title='bbox 1222 2217 1358 2324; x_wconf 84' lang='lat' dir='ltr'>Cujus</span> 
     </span>
     <span class='ocr_line' id='line_1_14' title="bbox 312 2353 1356 2464; baseline -0.002 -24"><span class='ocrx_word' id='word_1_89' title='bbox 312 2354 370 2440; x_wconf 83' lang='lat' dir='ltr'>rei</span> <span class='ocrx_word' id='word_1_90' title='bbox 389 2381 474 2436; x_wconf 93' lang='lat' dir='ltr'>non</span> <span class='ocrx_word' id='word_1_91' title='bbox 492 2355 577 2436; x_wconf 89' lang='lat' dir='ltr'>leve</span> <span class='ocrx_word' id='word_1_92' title='bbox 595 2353 796 2437; x_wconf 89' lang='lat' dir='ltr'>indicium</span> <span class='ocrx_word' id='word_1_93' title='bbox 815 2378 888 2456; x_wconf 81' lang='lat' dir='ltr'>est,</span> <span class='ocrx_word' id='word_1_94' title='bbox 912 2355 1027 2464; x_wconf 89' lang='lat' dir='ltr'>quod</span> <span class='ocrx_word' id='word_1_95' title='bbox 1053 2381 1125 2462; x_wconf 89' lang='lat' dir='ltr'>per</span> <span class='ocrx_word' id='word_1_96' title='bbox 1143 2353 1356 2460; x_wconf 83' lang='lat' dir='ltr'>proximos</span> 
     </span>
     <span class='ocr_line' id='line_1_15' title="bbox 312 2491 1362 2600; baseline 0 -26"><span class='ocrx_word' id='word_1_97' title='bbox 312 2519 440 2574; x_wconf 86' lang='lat' dir='ltr'>annos</span> <span class='ocrx_word' id='word_1_98' title='bbox 473 2491 644 2600; x_wconf 89' lang='lat' dir='ltr'>decuplo</span> <span class='ocrx_word' id='word_1_99' title='bbox 674 2493 765 2600; x_wconf 90' lang='lat' dir='ltr'>plus</span> <span class='ocrx_word' id='word_1_100' title='bbox 794 2493 952 2575; x_wconf 79' lang='lat' dir='ltr'>corticis</span> <span class='ocrx_word' id='word_1_101' title='bbox 986 2513 1252 2576; x_wconf 85' lang='lat' dir='ltr'>consumtum</span> <span class='ocrx_word' id='word_1_102' title='bbox 1284 2514 1362 2595; x_wconf 88' lang='lat' dir='ltr'>est,</span> 
     </span>
     <span class='ocr_line' id='line_1_16' title="bbox 314 2609 1449 2738; baseline 0 -28"><span class='ocrx_word' id='word_1_103' title='bbox 314 2655 443 2737; x_wconf 92' lang='lat' dir='ltr'>quam</span> <span class='ocrx_word' id='word_1_104' title='bbox 461 2650 554 2710; x_wconf 90' lang='lat' dir='ltr'>ante</span> <span class='ocrx_word' id='word_1_105' title='bbox 582 2656 708 2711; x_wconf 86' lang='lat' dir='ltr'>annos</span> <span class='ocrx_word' id='word_1_106' title='bbox 723 2651 909 2712; x_wconf 82' lang='lat' dir='ltr'>centum·</span> <span class='ocrx_word' id='word_1_107' title='bbox 960 2631 1102 2738; x_wconf 91' lang='lat' dir='ltr'>Itaque</span> <span class='ocrx_word' id='word_1_108' title='bbox 1121 2657 1205 2737; x_wconf 91' lang='lat' dir='ltr'>quo</span> <span class='ocrx_word' id='word_1_109' title='bbox 1223 2631 1361 2738; x_wconf 87' lang='lat' dir='ltr'>magis</span> <span class='ocrx_word' id='word_1_110' title='bbox 1441 2609 1449 2626; x_wconf 47' lang='lat'><strong>⁴</strong></span> 
     </span>
     <span class='ocr_line' id='line_1_17' title="bbox 314 2765 1363 2876; baseline 0.003 -29"><span class='ocrx_word' id='word_1_111' title='bbox 314 2765 419 2848; x_wconf 84' lang='lat' dir='ltr'>vires</span> <span class='ocrx_word' id='word_1_112' title='bbox 434 2765 517 2874; x_wconf 82' lang='lat' dir='ltr'>ejus</span> <span class='ocrx_word' id='word_1_113' title='bbox 537 2767 747 2874; x_wconf 73' lang='lat' dir='ltr'>exploratae</span> <span class='ocrx_word' id='word_1_114' title='bbox 767 2789 877 2869; x_wconf 85' lang='lat' dir='ltr'>sunt,</span> <span class='ocrx_word' id='word_1_115' title='bbox 895 2795 943 2850; x_wconf 92' lang='lat' dir='ltr'>eo</span> <span class='ocrx_word' id='word_1_116' title='bbox 958 2768 1087 2876; x_wconf 86' lang='lat' dir='ltr'>magis</span> <span class='ocrx_word' id='word_1_117' title='bbox 1102 2766 1238 2850; x_wconf 84' lang='lat' dir='ltr'>deletae</span> <span class='ocrx_word' id='word_1_118' title='bbox 1260 2789 1363 2850; x_wconf 88' lang='lat' dir='ltr'>sunt</span> 
     </span>
     <span class='ocr_line' id='line_1_18' title="bbox 315 2901 1362 3012; baseline 0.005 -29"><span class='ocrx_word' id='word_1_119' title='bbox 315 2929 365 2984; x_wconf 85' lang='lat' dir='ltr'>ex</span> <span class='ocrx_word' id='word_1_120' title='bbox 378 2901 599 2988; x_wconf 87' lang='lat' dir='ltr'>hominum</span> <span class='ocrx_word' id='word_1_121' title='bbox 612 2904 818 2986; x_wconf 85' lang='lat' dir='ltr'>mentibus</span> <span class='ocrx_word' id='word_1_122' title='bbox 831 2904 1075 3012; x_wconf 86' lang='lat' dir='ltr'>suspiciones</span> <span class='ocrx_word' id='word_1_123' title='bbox 1090 2905 1188 3005; x_wconf 84' lang='lat' dir='ltr'>istae,</span> <span class='ocrx_word' id='word_1_124' title='bbox 1203 2903 1362 3011; x_wconf 85' lang='lat' dir='ltr'>quibus</span> 
     </span>
     <span class='ocr_line' id='line_1_19' title="bbox 315 3038 1363 3149; baseline 0.002 -27"><span class='ocrx_word' id='word_1_125' title='bbox 315 3038 394 3124; x_wconf 92' lang='lat' dir='ltr'>hoc</span> <span class='ocrx_word' id='word_1_126' title='bbox 420 3069 620 3149; x_wconf 88' lang='lat' dir='ltr'>magnum</span> <span class='ocrx_word' id='word_1_127' title='bbox 638 3041 867 3125; x_wconf 90' lang='lat' dir='ltr'>remedium</span> <span class='ocrx_word' id='word_1_128' title='bbox 885 3041 1090 3148; x_wconf 88' lang='lat' dir='ltr'>immerito</span> <span class='ocrx_word' id='word_1_129' title='bbox 1109 3041 1363 3124; x_wconf 89' lang='lat' dir='ltr'>infamatum</span> 
     </span>
     <span class='ocr_line' id='line_1_20' title="bbox 315 3176 1363 3288; baseline 0 -28"><span class='ocrx_word' id='word_1_130' title='bbox 315 3176 459 3262; x_wconf 83' lang='lat' dir='ltr'>fuerat.</span> <span class='ocrx_word' id='word_1_131' title='bbox 512 3181 598 3262; x_wconf 88' lang='lat' dir='ltr'>Nec</span> <span class='ocrx_word' id='word_1_132' title='bbox 609 3199 746 3262; x_wconf 90' lang='lat' dir='ltr'>tamen</span> <span class='ocrx_word' id='word_1_133' title='bbox 758 3180 810 3260; x_wconf 91' lang='lat' dir='ltr'>ad</span> <span class='ocrx_word' id='word_1_134' title='bbox 821 3179 933 3262; x_wconf 91' lang='lat' dir='ltr'>hunc</span> <span class='ocrx_word' id='word_1_135' title='bbox 944 3208 1075 3288; x_wconf 88' lang='lat' dir='ltr'>usque</span> <span class='ocrx_word' id='word_1_136' title='bbox 1088 3179 1197 3260; x_wconf 90' lang='lat' dir='ltr'>diem</span> <span class='ocrx_word' id='word_1_137' title='bbox 1208 3179 1363 3261; x_wconf 89' lang='lat' dir='ltr'>desunt</span> 
     </span>
    </p>
   </div>
   <div class='ocr_carea' id='block_1_6' title="bbox 315 3315 1500 3426">
    <p class='ocr_par' dir='ltr' id='par_1_6' title="bbox 315 3315 1500 3426">
     <span class='ocr_line' id='line_1_21' title="bbox 315 3315 1500 3426; baseline 0 -30"><span class='ocrx_word' id='word_1_138' title='bbox 315 3315 477 3417; x_wconf 86' lang='lat' dir='ltr'>medici,</span> <span class='ocrx_word' id='word_1_139' title='bbox 495 3316 672 3399; x_wconf 84' lang='lat' dir='ltr'>maxime</span> <span class='ocrx_word' id='word_1_140' title='bbox 690 3317 860 3426; x_wconf 91' lang='lat' dir='ltr'>quidem</span> <span class='ocrx_word' id='word_1_141' title='bbox 877 3317 1066 3418; x_wconf 86' lang='lat' dir='ltr'>extranei,</span> <span class='ocrx_word' id='word_1_142' title='bbox 1086 3341 1267 3424; x_wconf 90' lang='lat' dir='ltr'>quorum</span> <span class='ocrx_word' id='word_1_143' title='bbox 1291 3315 1364 3397; x_wconf 89' lang='lat' dir='ltr'>alii</span> <span class='ocrx_word' id='word_1_144' title='bbox 1499 3351 1500 3360; x_wconf 18' lang='grc' dir='ltr'><strong><em>Ν</em></strong></span> 
     </span>
    </p>
   </div>
   <div class='ocr_carea' id='block_1_7' title="bbox 213 3447 1364 4527">
    <p class='ocr_par' dir='ltr' id='par_1_7' title="bbox 213 3447 1364 4527">
     <span class='ocr_line' id='line_1_22' title="bbox 315 3447 1363 3560; baseline 0.002 -28"><span class='ocrx_word' id='word_1_145' title='bbox 315 3447 435 3532; x_wconf 86' lang='lat' dir='ltr'>initio</span> <span class='ocrx_word' id='word_1_146' title='bbox 443 3449 569 3536; x_wconf 86' lang='lat' dir='ltr'>febris</span> <span class='ocrx_word' id='word_1_147' title='bbox 580 3452 1073 3556; x_wconf 87' lang='lat' dir='ltr'>intermittentis,aliitoto</span> <span class='ocrx_word' id='word_1_148' title='bbox 1083 3453 1167 3560; x_wconf 90' lang='lat' dir='ltr'>ejus</span> <span class='ocrx_word' id='word_1_149' title='bbox 1176 3475 1363 3560; x_wconf 86' lang='lat' dir='ltr'>tempore</span> 
     </span>
     <span class='ocr_line' id='line_1_23' title="bbox 316 3586 1364 3689; baseline 0.002 -21"><span class='ocrx_word' id='word_1_150' title='bbox 316 3586 509 3670; x_wconf 86' lang='lat' dir='ltr'>corticem</span> <span class='ocrx_word' id='word_1_151' title='bbox 544 3589 640 3672; x_wconf 86' lang='lat' dir='ltr'>dare</span> <span class='ocrx_word' id='word_1_152' title='bbox 676 3613 878 3674; x_wconf 88' lang='lat' dir='ltr'>metuunt.</span> <span class='ocrx_word' id='word_1_153' title='bbox 937 3590 1163 3673; x_wconf 82' lang='lat' dir='ltr'>Nimirum.</span> <span class='ocrx_word' id='word_1_154' title='bbox 1185 3588 1279 3689; x_wconf 88' lang='lat' dir='ltr'>illie,</span> <span class='ocrx_word' id='word_1_155' title='bbox 1314 3611 1364 3672; x_wconf 92' lang='lat' dir='ltr'>ut</span> 
     </span>
     <span class='ocr_line' id='line_1_24' title="bbox 316 3721 1364 3836; baseline 0.002 -30"><span class='ocrx_word' id='word_1_156' title='bbox 316 3721 423 3824; x_wconf 76' lang='lat' dir='ltr'>mihi</span> <span class='ocrx_word' id='word_1_157' title='bbox 435 3724 597 3810; x_wconf 82' lang='lat' dir='ltr'>videtur</span> <span class='ocrx_word' id='word_1_158' title='bbox 611 3726 816 3836; x_wconf 85' lang='lat' dir='ltr'>sinejusta</span> <span class='ocrx_word' id='word_1_159' title='bbox 830 3757 961 3831; x_wconf 87' lang='lat' dir='ltr'>causa,</span> <span class='ocrx_word' id='word_1_160' title='bbox 974 3753 1213 3836; x_wconf 86' lang='lat' dir='ltr'>persuasum</span> <span class='ocrx_word' id='word_1_161' title='bbox 1226 3747 1287 3808; x_wconf 86' lang='lat' dir='ltr'>est</span> <span class='ocrx_word' id='word_1_162' title='bbox 1302 3725 1364 3808; x_wconf 87' lang='lat' dir='ltr'>fe-</span> 
     </span>
     <span class='ocr_line' id='line_1_25' title="bbox 317 3858 1363 3980; baseline 0.003 -38"><span class='ocrx_word' id='word_1_163' title='bbox 317 3858 435 3980; x_wconf 73' lang='lat' dir='ltr'>brem</span> <span class='ocrx_word' id='word_1_164' title='bbox 445 3863 781 3954; x_wconf 84' lang='lat' dir='ltr'>intermittentem</span> <span class='ocrx_word' id='word_1_165' title='bbox 792 3895 874 3950; x_wconf 87' lang='lat' dir='ltr'>esse</span> <span class='ocrx_word' id='word_1_166' title='bbox 886 3888 1081 3949; x_wconf 90' lang='lat' dir='ltr'>conatum</span> <span class='ocrx_word' id='word_1_167' title='bbox 1091 3885 1260 3963; x_wconf 80' lang='lat' dir='ltr'>natura,</span> <span class='ocrx_word' id='word_1_168' title='bbox 1272 3891 1363 3972; x_wconf 91' lang='lat' dir='ltr'>quo</span> 
     </span>
     <span class='ocr_line' id='line_1_26' title="bbox 316 3991 1364 4110; baseline 0.001 -30"><span class='ocrx_word' id='word_1_169' title='bbox 316 3995 510 4081; x_wconf 81' lang='lat' dir='ltr'>humores</span> <span class='ocrx_word' id='word_1_170' title='bbox 543 3991 825 4110; x_wconf 83' lang='lat' dir='ltr'>supervacuos,</span> <span class='ocrx_word' id='word_1_171' title='bbox 855 4025 897 4086; x_wconf 91' lang='lat' dir='ltr'>et</span> <span class='ocrx_word' id='word_1_172' title='bbox 927 4003 1172 4086; x_wconf 88' lang='lat' dir='ltr'>morborum</span> <span class='ocrx_word' id='word_1_173' title='bbox 1204 4001 1364 4082; x_wconf 87' lang='lat' dir='ltr'>semina</span> 
     </span>
     <span class='ocr_line' id='line_1_27' title="bbox 310 4137 1364 4248; baseline 0.003 -32"><span class='ocrx_word' id='word_1_174' title='bbox 310 4137 509 4244; x_wconf 55' lang='lat' dir='ltr'>expellam</span> <span class='ocrx_word' id='word_1_175' title='bbox 538 4161 579 4221; x_wconf 89' lang='lat' dir='ltr'>et</span> <span class='ocrx_word' id='word_1_176' title='bbox 594 4138 671 4222; x_wconf 90' lang='lat' dir='ltr'>ubi</span> <span class='ocrx_word' id='word_1_177' title='bbox 695 4139 781 4224; x_wconf 80' lang='lat' dir='ltr'>haec</span> <span class='ocrx_word' id='word_1_178' title='bbox 809 4139 938 4228; x_wconf 81' lang='lat' dir='ltr'>amica</span> <span class='ocrx_word' id='word_1_179' title='bbox 954 4139 1079 4224; x_wconf 87' lang='lat' dir='ltr'>febris</span> <span class='ocrx_word' id='word_1_180' title='bbox 1106 4163 1364 4248; x_wconf 65' lang='lat' dir='ltr'>praepropere</span> 
     </span>
     <span class='ocr_line' id='line_1_28' title="bbox 213 4274 1364 4394; baseline 0.003 -40"><span class='ocrx_word' id='word_1_181' title='bbox 213 4359 218 4364; x_wconf 73' lang='grc'><strong>,</strong></span> <span class='ocrx_word' id='word_1_182' title='bbox 319 4293 495 4378; x_wconf 84' lang='lat' dir='ltr'>sanetur,</span> <span class='ocrx_word' id='word_1_183' title='bbox 512 4275 573 4358; x_wconf 92' lang='lat' dir='ltr'>ibi</span> <span class='ocrx_word' id='word_1_184' title='bbox 588 4275 828 4386; x_wconf 77' lang='lat' dir='ltr'>gravissima</span> <span class='ocrx_word' id='word_1_185' title='bbox 841 4279 948 4394; x_wconf 86' lang='lat' dir='ltr'>mala</span> <span class='ocrx_word' id='word_1_186' title='bbox 966 4277 1012 4360; x_wconf 88' lang='lat' dir='ltr'>in</span> <span class='ocrx_word' id='word_1_187' title='bbox 1025 4277 1178 4359; x_wconf 83' lang='lat' dir='ltr'>viscera</span> <span class='ocrx_word' id='word_1_188' title='bbox 1190 4274 1364 4358; x_wconf 83' lang='lat' dir='ltr'>inclina-</span> 
     </span>
     <span class='ocr_line' id='line_1_29' title="bbox 311 4411 1362 4527; baseline -0.006 -26"><span class='ocrx_word' id='word_1_189' title='bbox 311 4429 412 4501; x_wconf 79' lang='lat' dir='ltr'>tum</span> <span class='ocrx_word' id='word_1_190' title='bbox 427 4411 494 4514; x_wconf 82' lang='lat' dir='ltr'>iti,</span> <span class='ocrx_word' id='word_1_191' title='bbox 510 4434 553 4498; x_wconf 91' lang='lat' dir='ltr'>et</span> <span class='ocrx_word' id='word_1_192' title='bbox 568 4411 810 4527; x_wconf 84' lang='lat' dir='ltr'>hydropem,</span> <span class='ocrx_word' id='word_1_193' title='bbox 827 4437 1086 4525; x_wconf 87' lang='lat' dir='ltr'>mortemque</span> <span class='ocrx_word' id='word_1_194' title='bbox 1105 4441 1203 4497; x_wconf 88' lang='lat' dir='ltr'>mox</span> <span class='ocrx_word' id='word_1_195' title='bbox 1221 4411 1362 4498; x_wconf 84' lang='lat' dir='ltr'>subse·</span> 
     </span>
    </p>
   </div>
   <div class='ocr_carea' id='block_1_8' title="bbox 0 0 1517 5086">
    <p class='ocr_par' dir='ltr' id='par_1_8' title="bbox 0 0 1517 5086">
     <span class='ocr_line' id='line_1_30' title="bbox 0 0 1517 5086; baseline 0 0"><span class='ocrx_word' id='word_1_196' title='bbox 0 0 1517 5086; x_wconf 95' lang='lat' dir='ltr'> </span> 
     </span>
    </p>
   </div>
  </div>
 </body>
</html>
