3104 5084
716 515 818 628 307

422 717 609 804 Historia
631 709 809 823 Foemioce
827 722 1097 833 Crttoleptr'ccn

236 859 243 930 ἶ
292 841 368 938 Die
387 858 504 940 lunii
535 861 628 957 26¹&
647 885 754 940 anno
788 861 905 944 1764.
964 863 1012 942 ln
1041 853 1275 946 nosocomio

236 991 273 1071 S.
295 993 465 1074 Thomae
478 995 563 1076 vidi
583 993 799 1076 foeminam
815 1023 880 1076 sex
899 1018 939 1076 et
958 999 1127 1102 triginta
1145 1001 1273 1082 annos'

234 1133 620 1230 natam,accesslone
634 1133 864 1237 cataleptlca
878 1135 1141 1240 congelatam.
1182 1137 1274 1216 Pul-

234 1271 725 1376 meratplanenaturalia
738 1272 905 1354 ,Placide
917 1273 1104 1376 spirabat.
1124 1277 1273 1380 Aspec-

236 1427 302 1484 rus
322 1405 400 1486 oris
420 1428 517 1504 erat,
546 1409 675 1512 qualia
706 1407 871 1486 illorum
891 1410 963 1512 qui
983 1409 1147 1488 intentis
1178 1437 1274 1490 ocu-

173 1603 177 1612 ,
235 1541 282 1620 lis
297 1563 337 1621 et
347 1541 528 1622 immotis
544 1541 742 1648 palpebris
755 1544 908 1648 aliquid
924 1545 1272 1649 contemplantur3
1387 1601 1391 1609 -

236 1701 321 1756 nou
341 1681 469 1784 qualis
489 1680 847 1778 moribundorum,
875 1703 946 1760 aut
973 1682 1273 1786 agrotantium,

237 1837 307 1894 aut
326 1843 421 1894 cum
437 1815 573 1896 dolore
588 1817 724 1922 aliquo
740 1839 810 1896 aut
824 1817 1024 1908 ,moestitia
1038 1817 1274 1900 conflictan·
1346 1839 1347 1852 ¹

193 1923 200 1934 ¹
237 1951 354 2030 tium.
404 1953 554 2034 Omnia
569 1953 754 2035 membra
768 1954 894 2032 istum
909 1953 1034 2036 situm
1047 1956 1273 2056 servabant,

238 2113 363 2196 quem
381 2111 550 2168 astantes
568 2089 718 2195 cuique
737 2089 952 2190 dedissent,
979 2109 1190 2197 utcunque
1209 2092 1272 2172 in·
1302 2105 1306 2114 “

201 2278 204 2292 ·
237 2226 514 2306 commodum.
573 2226 744 2304 Extendi
764 2225 991 2326 brachium,
1009 2232 1048 2308 et'
1067 2228 1152 2308 vidi
1171 2231 1273 2312 illud

236 2381 447 2442 extentum
464 2385 696 2466 permanere
715 2361 760 2440 in
787 2363 947 2442 tertiam
965 2363 1073 2442 hora
1094 2387 1272 2469 partem:

236 2495 374 2578 audivi
404 2495 446 2578 id
465 2520 580 2578 antea
608 2497 663 2576 ita
686 2499 948 2602 permansisse
970 2499 1077 2578 ultra
1101 2499 1272 2602 horam,

238 2635 351 2746 quod
362 2635 429 2714 vix
442 2635 659 2742 quisquam
674 2661 793 2716 sanus
805 2634 933 2716 facere
945 2637 1100 2716 valeret.
1136 2637 1270 2720 Immo

235 2771 365 2856 fertur
383 2795 541 2854 extenta
568 2799 696 2852 manu
714 2795 864 2880 septem
893 2773 1091 2854 librarum
1109 2773 1269 2880 pondus
1345 2879 1349 2886 Ι

236 2911 481 2992 sustinuisse.
511 2913 553 2992 Si
561 2927 664 3016 aegra
675 2911 719 2990 in
727 2932 882 2992 rectum
893 2911 1270 3014 constitutafuieeet,

236 3053 342 3128 recta
362 3073 564 3146 maneret,
592 3073 725 3154 neque
740 3046 817 3128 levi
836 3049 1016 3154 impulsu
1030 3047 1268 3134 concideret·

220 3181 407 3268 ,Sedenti‘
428 3183 550 3264 ambo
580 3211 697 3263 crura
726 3203 882 3264 extenta
911 3201 1020 3282 aunt,
1047 3205 1088 3264 et
1114 3213 1138 3263 a
1166 3205 1270 3264 terra

236 3321 406 3420 sublata,
420 3347 511 3426 quae
525 3319 571 3400 in
588 3317 665 3400 hoc
680 3319 762 3400 situ
779 3319 1041 3402 incommodo
1055 3320 1270 3422 restabant,

238 3457 353 3564 quasi
373 3485 421 3538 ex
437 3457 574 3562 argilla
593 3457 754 3562 sequaci
772 3479 843 3538 aut
857 3483 945 3536 cera
963 3457 1068 3542 facta
1085 3457 1266 3538 fuissent.

235 3597 293 3676 Os
321 3594 505 3674 clausum
524 3615 595 3693 est,
622 3619 754 3699 neque
781 3593 863 3674 ulla
882 3593 923 3672 vi
946 3594 1061 3700 potui
1090 3593 1269 3674 maxillae

236 3729 436 3814 diducere.
494 3729 692 3834 Palpebtae
709 3754 851 3836 apertae
867 3730 1059 3828 fuerunt;
1088 3717 1165 3810 aut
1176 3729 1210 3810 si
1229 3727 1272 3810 vi

236 3867 532 3964 clauderentur,
560 3889 734 3948 cessante
766 3864 841 3946 hac
875 3861 929 3964 vi,
957 3865 1064 3946 illico
1095 3865 1271 3948 diducta
1345 3887 1347 3897 ·

238 4027 345 4088 sunt.
394 4006 585 4102 Nictavit,
599 4003 668 4082 sed
680 4003 890 4112 levissime,
901 4003 974 4080 ubi
986 4001 1138 4107 digitus
1153 4001 1271 4082 oculo

237 4135 397 4248 repente
427 4141 734 4236 admoveram
768 4164 923 4244 semper
952 4137 1045 4218 alias
1074 4139 1270 4244 palpebra

209 4259 416 4357 *immotae
454 4279 633 4357 fuerunt.
705 4275 884 4355 Admota
921 4275 1085 4356 candela
1121 4275 1272 4382 pupilla

236 4413 342 4496 octrli
375 4423 454 4494 'sese
475 4409 682 4492 contraxit.
740 4409 795 4490 Vi
827 4412 1060 4515 compressis
1092 4413 1273 4512 naribus,

617 4583 620 4592 ,
724 4571 792 4626 xz
