<?xml version="1.0" encoding="UTF-8"?>
<!DOCTYPE html PUBLIC "-//W3C//DTD XHTML 1.0 Transitional//EN"
    "http://www.w3.org/TR/xhtml1/DTD/xhtml1-transitional.dtd">
<html xmlns="http://www.w3.org/1999/xhtml" xml:lang="en" lang="en">
 <head>
  <title>
</title>
<meta http-equiv="Content-Type" content="text/html;charset=utf-8" />
  <meta name='ocr-system' content='tesseract 3.04.00' />
  <meta name='ocr-capabilities' content='ocr_page ocr_carea ocr_par ocr_line ocrx_word'/>
</head>
<body>
  <div class='ocr_page' id='page_1' title='image "./commentariidemo00hebegoog_0215.png"; bbox 0 0 3002 5086; ppageno 0'>
   <div class='ocr_carea' id='block_1_1' title="bbox 774 503 977 608">
    <p class='ocr_par' dir='ltr' id='par_1_1' title="bbox 774 503 977 608">
     <span class='ocr_line' id='line_1_1' title="bbox 774 503 977 608; baseline -0.005 -7"><span class='ocrx_word' id='word_1_1' title='bbox 774 503 872 608; x_wconf 87' lang='lat'>198</span> <span class='ocrx_word' id='word_1_2' title='bbox 975 529 977 532; x_wconf 83' lang='grc'><strong><em>·</em></strong></span> 
     </span>
    </p>
   </div>
   <div class='ocr_carea' id='block_1_2' title="bbox 293 705 1400 1502">
    <p class='ocr_par' dir='ltr' id='par_1_2' title="bbox 293 705 1400 1502">
     <span class='ocr_line' id='line_1_2' title="bbox 301 705 1346 818; baseline -0.002 -22"><span class='ocrx_word' id='word_1_3' title='bbox 301 715 353 798; x_wconf 90' lang='lat' dir='ltr'>ab</span> <span class='ocrx_word' id='word_1_4' title='bbox 384 737 534 818; x_wconf 81' lang='lat' dir='ltr'>angore</span> <span class='ocrx_word' id='word_1_5' title='bbox 566 707 794 800; x_wconf 79' lang='lat' dir='ltr'>ventriculi,</span> <span class='ocrx_word' id='word_1_6' title='bbox 824 729 895 796; x_wconf 86' lang='lat' dir='ltr'>aut</span> <span class='ocrx_word' id='word_1_7' title='bbox 925 705 1151 810; x_wconf 67' lang='lat' dir='ltr'>viscerum</span> <span class='ocrx_word' id='word_1_8' title='bbox 1177 731 1346 800; x_wconf 80' lang='lat' dir='ltr'>manent</span> 
     </span>
     <span class='ocr_line' id='line_1_3' title="bbox 301 845 1345 952; baseline 0 -22"><span class='ocrx_word' id='word_1_9' title='bbox 301 851 427 930; x_wconf 91' lang='lat' dir='ltr'>modo</span> <span class='ocrx_word' id='word_1_10' title='bbox 443 870 700 940; x_wconf 84' lang='lat' dir='ltr'>momentum</span> <span class='ocrx_word' id='word_1_11' title='bbox 715 845 922 951; x_wconf 88' lang='lat' dir='ltr'>temporis,</span> <span class='ocrx_word' id='word_1_12' title='bbox 941 845 1066 926; x_wconf 91' lang='lat' dir='ltr'>modo</span> <span class='ocrx_word' id='word_1_13' title='bbox 1086 845 1345 952; x_wconf 84' lang='lat' dir='ltr'>semihoram,</span> 
     </span>
     <span class='ocr_line' id='line_1_4' title="bbox 302 981 1346 1092; baseline -0.001 -24"><span class='ocrx_word' id='word_1_14' title='bbox 302 985 511 1068; x_wconf 87' lang='lat' dir='ltr'>interdum</span> <span class='ocrx_word' id='word_1_15' title='bbox 530 985 650 1064; x_wconf 88' lang='lat' dir='ltr'>altera</span> <span class='ocrx_word' id='word_1_16' title='bbox 670 984 836 1062; x_wconf 88' lang='lat' dir='ltr'>alteram</span> <span class='ocrx_word' id='word_1_17' title='bbox 855 981 1051 1062; x_wconf 87' lang='lat' dir='ltr'>continuo</span> <span class='ocrx_word' id='word_1_18' title='bbox 1072 981 1257 1090; x_wconf 89' lang='lat' dir='ltr'>sequitur</span> <span class='ocrx_word' id='word_1_19' title='bbox 1276 1013 1346 1092; x_wconf 88' lang='lat' dir='ltr'>per</span> 
     </span>
     <span class='ocr_line' id='line_1_5' title="bbox 302 1110 1348 1228; baseline 0.001 -24"><span class='ocrx_word' id='word_1_20' title='bbox 302 1124 509 1228; x_wconf 88' lang='lat' dir='ltr'>integrum</span> <span class='ocrx_word' id='word_1_21' title='bbox 547 1121 675 1202; x_wconf 73' lang='lat' dir='ltr'>dienu</span> <span class='ocrx_word' id='word_1_22' title='bbox 706 1120 807 1200; x_wconf 90' lang='lat' dir='ltr'>illud</span> <span class='ocrx_word' id='word_1_23' title='bbox 845 1110 996 1200; x_wconf 79' lang='lat' dir='ltr'>interes</span> <span class='ocrx_word' id='word_1_24' title='bbox 1034 1121 1238 1226; x_wconf 89' lang='lat' dir='ltr'>singulare</span> <span class='ocrx_word' id='word_1_25' title='bbox 1275 1146 1348 1224; x_wconf 85' lang='lat' dir='ltr'>est,</span> 
     </span>
     <span class='ocr_line' id='line_1_6' title="bbox 293 1258 1347 1374; baseline 0.001 -35"><span class='ocrx_word' id='word_1_26' title='bbox 293 1261 430 1374; x_wconf 84' lang='lat' dir='ltr'>quod,</span> <span class='ocrx_word' id='word_1_27' title='bbox 445 1259 637 1372; x_wconf 78' lang='lat' dir='ltr'>quamvis</span> <span class='ocrx_word' id='word_1_28' title='bbox 646 1285 759 1364; x_wconf 82' lang='lat' dir='ltr'>aegrae</span> <span class='ocrx_word' id='word_1_29' title='bbox 773 1258 887 1364; x_wconf 85' lang='lat' dir='ltr'>loqui</span> <span class='ocrx_word' id='word_1_30' title='bbox 903 1279 1119 1363; x_wconf 77' lang='lat' dir='ltr'>nequeant,</span> <span class='ocrx_word' id='word_1_31' title='bbox 1130 1281 1170 1340; x_wconf 89' lang='lat' dir='ltr'>et</span> <span class='ocrx_word' id='word_1_32' title='bbox 1182 1259 1347 1340; x_wconf 79' lang='lat' dir='ltr'>videan-</span> 
     </span>
     <span class='ocr_line' id='line_1_7' title="bbox 302 1396 1400 1502; baseline -0.004 -24"><span class='ocrx_word' id='word_1_33' title='bbox 302 1419 370 1478; x_wconf 92' lang='lat' dir='ltr'>tur</span> <span class='ocrx_word' id='word_1_34' title='bbox 388 1423 509 1502; x_wconf 86' lang='lat' dir='ltr'><strong>prope</strong></span> <span class='ocrx_word' id='word_1_35' title='bbox 528 1396 819 1492; x_wconf 85' lang='lat' dir='ltr'>iutermortuae,</span> <span class='ocrx_word' id='word_1_36' title='bbox 839 1421 940 1500; x_wconf 83' lang='lat' dir='ltr'>saeps</span> <span class='ocrx_word' id='word_1_37' title='bbox 956 1417 1092 1474; x_wconf 90' lang='lat' dir='ltr'>tamen</span> <span class='ocrx_word' id='word_1_38' title='bbox 1107 1397 1288 1496; x_wconf 87' lang='lat' dir='ltr'>audiant,</span> <span class='ocrx_word' id='word_1_39' title='bbox 1309 1418 1347 1479; x_wconf 88' lang='lat' dir='ltr'>et</span> <span class='ocrx_word' id='word_1_40' title='bbox 1396 1461 1400 1474; x_wconf 84' lang='lat'>.</span> 
     </span>
    </p>
   </div>
   <div class='ocr_carea' id='block_1_3' title="bbox 159 1532 1343 1640">
    <p class='ocr_par' dir='ltr' id='par_1_3' title="bbox 159 1532 1343 1640">
     <span class='ocr_line' id='line_1_8' title="bbox 159 1532 1343 1640; baseline -0.002 -24"><span class='ocrx_word' id='word_1_41' title='bbox 159 1567 162 1574; x_wconf 94' lang='lat'>·</span> <span class='ocrx_word' id='word_1_42' title='bbox 234 1583 237 1588; x_wconf 90' lang='lat'>·</span> <span class='ocrx_word' id='word_1_43' title='bbox 301 1535 528 1638; x_wconf 83' lang='lat' dir='ltr'>intelligant</span> <span class='ocrx_word' id='word_1_44' title='bbox 562 1532 761 1640; x_wconf 91' lang='lat' dir='ltr'>quicquid</span> <span class='ocrx_word' id='word_1_45' title='bbox 795 1533 845 1612; x_wconf 87' lang='lat' dir='ltr'>ab</span> <span class='ocrx_word' id='word_1_46' title='bbox 875 1533 1151 1615; x_wconf 77' lang='lat' dir='ltr'>assistentibus</span> <span class='ocrx_word' id='word_1_47' title='bbox 1181 1533 1343 1616; x_wconf 79' lang='lat' dir='ltr'>dicittsr.</span> 
     </span>
    </p>
   </div>
   <div class='ocr_carea' id='block_1_4' title="bbox 302 1667 1349 2196">
    <p class='ocr_par' dir='ltr' id='par_1_4' title="bbox 302 1667 1349 2196">
     <span class='ocr_line' id='line_1_9' title="bbox 302 1667 1347 1777; baseline -0.002 -23"><span class='ocrx_word' id='word_1_48' title='bbox 302 1673 523 1776; x_wconf 87' lang='lat' dir='ltr'>Postquam</span> <span class='ocrx_word' id='word_1_49' title='bbox 539 1671 796 1777; x_wconf 86' lang='lat' dir='ltr'>aliquantum</span> <span class='ocrx_word' id='word_1_50' title='bbox 816 1667 1068 1774; x_wconf 88' lang='lat' dir='ltr'>resipuerint,</span> <span class='ocrx_word' id='word_1_51' title='bbox 1087 1691 1126 1749; x_wconf 88' lang='lat' dir='ltr'>et</span> <span class='ocrx_word' id='word_1_52' title='bbox 1142 1697 1222 1748; x_wconf 86' lang='lat' dir='ltr'>vox</span> <span class='ocrx_word' id='word_1_53' title='bbox 1241 1671 1347 1752; x_wconf 88' lang='lat' dir='ltr'>redi·</span> 
     </span>
     <span class='ocr_line' id='line_1_10' title="bbox 303 1795 1348 1914; baseline -0.001 -25"><span class='ocrx_word' id='word_1_54' title='bbox 303 1809 391 1906; x_wconf 87' lang='lat' dir='ltr'>erit,</span> <span class='ocrx_word' id='word_1_55' title='bbox 421 1829 587 1914; x_wconf 89' lang='lat' dir='ltr'>pergent</span> <span class='ocrx_word' id='word_1_56' title='bbox 605 1807 814 1886; x_wconf 88' lang='lat' dir='ltr'>interdum</span> <span class='ocrx_word' id='word_1_57' title='bbox 830 1806 944 1913; x_wconf 90' lang='lat' dir='ltr'>loqui</span> <span class='ocrx_word' id='word_1_58' title='bbox 964 1795 1091 1888; x_wconf 77' lang='lat' dir='ltr'>&#39;aliena</span> <span class='ocrx_word' id='word_1_59' title='bbox 1105 1833 1177 1911; x_wconf 88' lang='lat' dir='ltr'>per</span> <span class='ocrx_word' id='word_1_60' title='bbox 1190 1807 1348 1913; x_wconf 86' lang='lat' dir='ltr'>aliquot</span> 
     </span>
     <span class='ocr_line' id='line_1_11' title="bbox 302 1943 1349 2050; baseline -0.004 -24"><span class='ocrx_word' id='word_1_61' title='bbox 302 1945 443 2042; x_wconf 64' lang='lat' dir='ltr'>horasa</span> <span class='ocrx_word' id='word_1_62' title='bbox 473 1943 705 2050; x_wconf 88' lang='lat' dir='ltr'>cujusmodi</span> <span class='ocrx_word' id='word_1_63' title='bbox 726 1944 810 2023; x_wconf 89' lang='lat' dir='ltr'>leve</span> <span class='ocrx_word' id='word_1_64' title='bbox 839 1943 1030 2026; x_wconf 85' lang='lat' dir='ltr'>delirium</span> <span class='ocrx_word' id='word_1_65' title='bbox 1050 1943 1266 2024; x_wconf 90' lang='lat' dir='ltr'>nonnullas</span> <span class='ocrx_word' id='word_1_66' title='bbox 1285 1943 1349 2023; x_wconf 85' lang='lat' dir='ltr'>in-</span> 
     </span>
     <span class='ocr_line' id='line_1_12' title="bbox 302 2080 1345 2196; baseline 0.003 -37"><span class='ocrx_word' id='word_1_67' title='bbox 302 2081 428 2180; x_wconf 87' lang='lat' dir='ltr'>vadit,</span> <span class='ocrx_word' id='word_1_68' title='bbox 446 2081 520 2162; x_wconf 85' lang='lat' dir='ltr'>etsi</span> <span class='ocrx_word' id='word_1_69' title='bbox 539 2081 651 2160; x_wconf 90' lang='lat' dir='ltr'>nulla</span> <span class='ocrx_word' id='word_1_70' title='bbox 670 2080 839 2161; x_wconf 87' lang='lat' dir='ltr'>accessio</span> <span class='ocrx_word' id='word_1_71' title='bbox 858 2080 1057 2196; x_wconf 83' lang='lat' dir='ltr'>hysterica</span> <span class='ocrx_word' id='word_1_72' title='bbox 1083 2081 1345 2164; x_wconf 85' lang='lat' dir='ltr'>antecesserit.</span> 
     </span>
    </p>
   </div>
   <div class='ocr_carea' id='block_1_5' title="bbox 194 2217 1347 2300">
    <p class='ocr_par' dir='ltr' id='par_1_5' title="bbox 194 2217 1347 2300">
     <span class='ocr_line' id='line_1_13' title="bbox 194 2217 1347 2300; baseline 0.003 -4"><span class='ocrx_word' id='word_1_73' title='bbox 194 2221 197 2227; x_wconf 84' lang='lat'>&#39;</span> <span class='ocrx_word' id='word_1_74' title='bbox 304 2218 411 2298; x_wconf 91' lang='lat' dir='ltr'>Illud</span> <span class='ocrx_word' id='word_1_75' title='bbox 439 2217 562 2298; x_wconf 83' lang='lat' dir='ltr'>etiam</span> <span class='ocrx_word' id='word_1_76' title='bbox 591 2217 635 2296; x_wconf 91' lang='lat' dir='ltr'>in</span> <span class='ocrx_word' id='word_1_77' title='bbox 658 2217 736 2298; x_wconf 91' lang='lat' dir='ltr'>hoc</span> <span class='ocrx_word' id='word_1_78' title='bbox 764 2217 912 2298; x_wconf 89' lang='lat' dir='ltr'>morbo</span> <span class='ocrx_word' id='word_1_79' title='bbox 942 2217 1106 2298; x_wconf 82' lang='lat' dir='ltr'>interest</span> <span class='ocrx_word' id='word_1_80' title='bbox 1133 2217 1240 2298; x_wconf 88' lang='lat' dir='ltr'>inter</span> <span class='ocrx_word' id='word_1_81' title='bbox 1268 2217 1347 2300; x_wconf 85' lang='lat' dir='ltr'>foe·</span> 
     </span>
    </p>
   </div>
   <div class='ocr_carea' id='block_1_6' title="bbox 259 2353 1347 3008">
    <p class='ocr_par' dir='ltr' id='par_1_6' title="bbox 259 2353 1347 3008">
     <span class='ocr_line' id='line_1_14' title="bbox 278 2353 1347 2460; baseline 0.003 -28"><span class='ocrx_word' id='word_1_82' title='bbox 278 2398 279 2402; x_wconf 16' lang='grc' dir='ltr'><strong><em>κ</em></strong></span> <span class='ocrx_word' id='word_1_83' title='bbox 304 2354 435 2434; x_wconf 87' lang='lat' dir='ltr'>minas</span> <span class='ocrx_word' id='word_1_84' title='bbox 456 2375 495 2434; x_wconf 88' lang='lat' dir='ltr'>et</span> <span class='ocrx_word' id='word_1_85' title='bbox 514 2353 635 2454; x_wconf 89' lang='lat' dir='ltr'>viros,</span> <span class='ocrx_word' id='word_1_86' title='bbox 664 2353 778 2460; x_wconf 90' lang='lat' dir='ltr'>quod</span> <span class='ocrx_word' id='word_1_87' title='bbox 797 2354 874 2434; x_wconf 82' lang='lat' dir='ltr'>illae</span> <span class='ocrx_word' id='word_1_88' title='bbox 904 2354 1160 2460; x_wconf 85' lang='lat' dir='ltr'>procliviores</span> <span class='ocrx_word' id='word_1_89' title='bbox 1180 2353 1347 2436; x_wconf 91' lang='lat' dir='ltr'>suntad</span> 
     </span>
     <span class='ocr_line' id='line_1_15' title="bbox 259 2490 1347 2608; baseline 0.001 -36"><span class='ocrx_word' id='word_1_90' title='bbox 259 2557 262 2562; x_wconf 89' lang='lat'><em>.</em></span> <span class='ocrx_word' id='word_1_91' title='bbox 304 2491 501 2608; x_wconf 88' lang='lat' dir='ltr'>lacrymas</span> <span class='ocrx_word' id='word_1_92' title='bbox 535 2511 576 2572; x_wconf 91' lang='lat' dir='ltr'>et</span> <span class='ocrx_word' id='word_1_93' title='bbox 609 2490 659 2570; x_wconf 93' lang='lat' dir='ltr'>ad</span> <span class='ocrx_word' id='word_1_94' title='bbox 698 2491 828 2571; x_wconf 90' lang='lat' dir='ltr'>risum</span> <span class='ocrx_word' id='word_1_95' title='bbox 861 2491 947 2570; x_wconf 89' lang='lat' dir='ltr'>sine</span> <span class='ocrx_word' id='word_1_96' title='bbox 977 2491 1195 2572; x_wconf 86' lang='lat' dir='ltr'>voluntate.</span> <span class='ocrx_word' id='word_1_97' title='bbox 1254 2495 1347 2574; x_wconf 86' lang='lat' dir='ltr'>Post</span> 
     </span>
     <span class='ocr_line' id='line_1_16' title="bbox 305 2627 1346 2735; baseline 0.001 -26"><span class='ocrx_word' id='word_1_98' title='bbox 305 2629 435 2709; x_wconf 90' lang='lat' dir='ltr'>risum</span> <span class='ocrx_word' id='word_1_99' title='bbox 449 2628 531 2710; x_wconf 88' lang='lat' dir='ltr'>fere</span> <span class='ocrx_word' id='word_1_100' title='bbox 547 2628 731 2734; x_wconf 89' lang='lat' dir='ltr'>sequitur</span> <span class='ocrx_word' id='word_1_101' title='bbox 746 2629 930 2732; x_wconf 86' lang='lat' dir='ltr'>languor,</span> <span class='ocrx_word' id='word_1_102' title='bbox 946 2627 1133 2735; x_wconf 75' lang='lat' dir='ltr'>lacryma</span> <span class='ocrx_word' id='word_1_103' title='bbox 1150 2628 1346 2710; x_wconf 88' lang='lat' dir='ltr'>morbum</span> 
     </span>
     <span class='ocr_line' id='line_1_17' title="bbox 304 2763 1346 2878; baseline 0.003 -34"><span class='ocrx_word' id='word_1_104' title='bbox 304 2764 449 2844; x_wconf 87' lang='lat' dir='ltr'>levant.</span> <span class='ocrx_word' id='word_1_105' title='bbox 509 2766 557 2854; x_wconf 87' lang='lat' dir='ltr'>In</span> <span class='ocrx_word' id='word_1_106' title='bbox 585 2765 769 2845; x_wconf 72' lang='lat' dir='ltr'>foeminis</span> <span class='ocrx_word' id='word_1_107' title='bbox 800 2791 967 2871; x_wconf 90' lang='lat' dir='ltr'>quoque</span> <span class='ocrx_word' id='word_1_108' title='bbox 996 2763 1139 2870; x_wconf 87' lang='lat' dir='ltr'>saepius</span> <span class='ocrx_word' id='word_1_109' title='bbox 1171 2786 1243 2878; x_wconf 90' lang='lat' dir='ltr'>aut</span> <span class='ocrx_word' id='word_1_110' title='bbox 1268 2793 1346 2848; x_wconf 80' lang='lat' dir='ltr'>vox</span> 
     </span>
     <span class='ocr_line' id='line_1_18' title="bbox 282 2895 1346 3008; baseline 0.002 -26"><span class='ocrx_word' id='word_1_111' title='bbox 282 2895 287 2904; x_wconf 52' lang='lat'>⁵</span> <span class='ocrx_word' id='word_1_112' title='bbox 306 2901 588 3008; x_wconf 85' lang='lat' dir='ltr'>supprimitur,</span> <span class='ocrx_word' id='word_1_113' title='bbox 601 2901 831 2988; x_wconf 81' lang='lat' dir='ltr'>antelamor</span> <span class='ocrx_word' id='word_1_114' title='bbox 842 2899 1087 2986; x_wconf 89' lang='lat' dir='ltr'>immodicus</span> <span class='ocrx_word' id='word_1_115' title='bbox 1097 2901 1244 3002; x_wconf 90' lang='lat' dir='ltr'>editur,</span> <span class='ocrx_word' id='word_1_116' title='bbox 1255 2925 1346 2984; x_wconf 88' lang='lat' dir='ltr'>tum</span> 
     </span>
    </p>
   </div>
   <div class='ocr_carea' id='block_1_7' title="bbox 102 3035 1346 3156">
    <p class='ocr_par' dir='ltr' id='par_1_7' title="bbox 102 3035 1346 3156">
     <span class='ocr_line' id='line_1_19' title="bbox 102 3035 1346 3156; baseline 0.001 -37"><span class='ocrx_word' id='word_1_117' title='bbox 102 3051 108 3060; x_wconf 92' lang='lat'><em>&#39;</em></span> <span class='ocrx_word' id='word_1_118' title='bbox 195 3107 199 3122; x_wconf 85' lang='lat'>,</span> <span class='ocrx_word' id='word_1_119' title='bbox 305 3037 413 3156; x_wconf 66' lang='lat' dir='ltr'>liunt</span> <span class='ocrx_word' id='word_1_120' title='bbox 428 3037 642 3144; x_wconf 88' lang='lat' dir='ltr'>singultus,</span> <span class='ocrx_word' id='word_1_121' title='bbox 662 3037 857 3136; x_wconf 88' lang='lat' dir='ltr'>oscitatio,</span> <span class='ocrx_word' id='word_1_122' title='bbox 871 3035 1160 3142; x_wconf 89' lang='lat' dir='ltr'>pandiculatio,</span> <span class='ocrx_word' id='word_1_123' title='bbox 1179 3039 1346 3146; x_wconf 79' lang='lat' dir='ltr'>aliasque</span> 
     </span>
    </p>
   </div>
   <div class='ocr_carea' id='block_1_8' title="bbox 202 3156 1347 4105">
    <p class='ocr_par' dir='ltr' id='par_1_8' title="bbox 305 3156 1346 3282">
     <span class='ocr_line' id='line_1_20' title="bbox 305 3156 1346 3282; baseline -0.002 -26"><span class='ocrx_word' id='word_1_124' title='bbox 305 3156 471 3256; x_wconf 88' lang='lat' dir='ltr'>leviores</span> <span class='ocrx_word' id='word_1_125' title='bbox 487 3201 708 3256; x_wconf 89' lang='lat' dir='ltr'>nervorum</span> <span class='ocrx_word' id='word_1_126' title='bbox 726 3173 1008 3273; x_wconf 83' lang='lat' dir='ltr'>distentiones3</span> <span class='ocrx_word' id='word_1_127' title='bbox 1038 3195 1243 3279; x_wconf 89' lang='lat' dir='ltr'>postremo</span> <span class='ocrx_word' id='word_1_128' title='bbox 1262 3176 1346 3282; x_wconf 85' lang='lat' dir='ltr'>glo-</span> 
     </span>
    </p>

    <p class='ocr_par' dir='ltr' id='par_1_9' title="bbox 306 3309 1347 3419">
     <span class='ocr_line' id='line_1_21' title="bbox 306 3309 1347 3419; baseline 0.002 -29"><span class='ocrx_word' id='word_1_129' title='bbox 306 3311 385 3390; x_wconf 90' lang='lat' dir='ltr'>bus</span> <span class='ocrx_word' id='word_1_130' title='bbox 414 3311 655 3419; x_wconf 77' lang='lat' dir='ltr'>hystoricus,</span> <span class='ocrx_word' id='word_1_131' title='bbox 685 3311 758 3418; x_wconf 75' lang='lat' dir='ltr'>qpi</span> <span class='ocrx_word' id='word_1_132' title='bbox 788 3311 922 3392; x_wconf 87' lang='lat' dir='ltr'>fauces</span> <span class='ocrx_word' id='word_1_133' title='bbox 950 3311 1112 3392; x_wconf 90' lang='lat' dir='ltr'>videtur</span> <span class='ocrx_word' id='word_1_134' title='bbox 1138 3309 1347 3418; x_wconf 85' lang='lat' dir='ltr'>impedire,</span> 
     </span>
    </p>

    <p class='ocr_par' dir='ltr' id='par_1_10' title="bbox 306 3431 1345 3554">
     <span class='ocr_line' id='line_1_22' title="bbox 306 3431 1345 3554; baseline 0.002 -26"><span class='ocrx_word' id='word_1_135' title='bbox 306 3446 498 3552; x_wconf 80' lang='lat' dir='ltr'>foeminas</span> <span class='ocrx_word' id='word_1_136' title='bbox 528 3431 743 3554; x_wconf 79' lang='lat' dir='ltr'>saepissime</span> <span class='ocrx_word' id='word_1_137' title='bbox 769 3448 945 3548; x_wconf 90' lang='lat' dir='ltr'>infestat,</span> <span class='ocrx_word' id='word_1_138' title='bbox 970 3475 1099 3529; x_wconf 86' lang='lat' dir='ltr'>mares</span> <span class='ocrx_word' id='word_1_139' title='bbox 1128 3471 1266 3530; x_wconf 90' lang='lat' dir='ltr'>autem</span> <span class='ocrx_word' id='word_1_140' title='bbox 1284 3447 1345 3530; x_wconf 85' lang='lat' dir='ltr'>vel</span> 
     </span>
    </p>

    <p class='ocr_par' dir='ltr' id='par_1_11' title="bbox 307 3569 853 3700">
     <span class='ocr_line' id='line_1_23' title="bbox 307 3569 853 3700; baseline 0.002 -35"><span class='ocrx_word' id='word_1_141' title='bbox 307 3611 539 3690; x_wconf 90' lang='lat' dir='ltr'>nunquam,</span> <span class='ocrx_word' id='word_1_142' title='bbox 557 3585 621 3664; x_wconf 89' lang='lat' dir='ltr'>vel</span> <span class='ocrx_word' id='word_1_143' title='bbox 640 3569 853 3700; x_wconf 88' lang='lat' dir='ltr'>rarissime.</span> 
     </span>
    </p>

    <p class='ocr_par' dir='ltr' id='par_1_12' title="bbox 202 3714 1347 3976">
     <span class='ocr_line' id='line_1_24' title="bbox 202 3714 1347 3830; baseline 0.002 -30"><span class='ocrx_word' id='word_1_144' title='bbox 202 3752 206 3758; x_wconf 78' lang='grc'><strong>’</strong></span> <span class='ocrx_word' id='word_1_145' title='bbox 328 3729 331 3736; x_wconf 84' lang='grc'><strong>“</strong></span> <span class='ocrx_word' id='word_1_146' title='bbox 363 3722 492 3802; x_wconf 91' lang='lat' dir='ltr'>Vetus</span> <span class='ocrx_word' id='word_1_147' title='bbox 510 3721 735 3802; x_wconf 83' lang='lat' dir='ltr'>admodum</span> <span class='ocrx_word' id='word_1_148' title='bbox 747 3722 885 3830; x_wconf 89' lang='lat' dir='ltr'>opinio</span> <span class='ocrx_word' id='word_1_149' title='bbox 897 3714 956 3806; x_wconf 85' lang='lat' dir='ltr'>est</span> <span class='ocrx_word' id='word_1_150' title='bbox 969 3721 1147 3803; x_wconf 90' lang='lat' dir='ltr'>hominis</span> <span class='ocrx_word' id='word_1_151' title='bbox 1159 3743 1347 3804; x_wconf 85' lang='lat' dir='ltr'>naturam</span> 
     </span>
     <span class='ocr_line' id='line_1_25' title="bbox 264 3837 1347 3976; baseline -0.003 -36"><span class='ocrx_word' id='word_1_152' title='bbox 264 3966 271 3976; x_wconf 29' lang='grc' dir='ltr'>ι</span> <span class='ocrx_word' id='word_1_153' title='bbox 308 3857 507 3940; x_wconf 89' lang='lat' dir='ltr'>contineri</span> <span class='ocrx_word' id='word_1_154' title='bbox 526 3885 574 3937; x_wconf 90' lang='lat' dir='ltr'>ex</span> <span class='ocrx_word' id='word_1_155' title='bbox 593 3886 772 3966; x_wconf 87' lang='lat' dir='ltr'>corpore,</span> <span class='ocrx_word' id='word_1_156' title='bbox 799 3837 1060 3940; x_wconf 83' lang='lat' dir='ltr'>facultatibus</span> <span class='ocrx_word' id='word_1_157' title='bbox 1084 3851 1347 3956; x_wconf 86' lang='lat' dir='ltr'>naturalibus,</span> 
     </span>
    </p>

    <p class='ocr_par' dir='ltr' id='par_1_13' title="bbox 307 3993 1345 4105">
     <span class='ocr_line' id='line_1_26' title="bbox 307 3993 1345 4105; baseline -0.002 -27"><span class='ocrx_word' id='word_1_158' title='bbox 307 4019 347 4078; x_wconf 90' lang='lat' dir='ltr'>et</span> <span class='ocrx_word' id='word_1_159' title='bbox 375 3993 551 4079; x_wconf 79' lang='lat' dir='ltr'>mente*.</span> <span class='ocrx_word' id='word_1_160' title='bbox 611 3998 660 4076; x_wconf 93' lang='lat' dir='ltr'>In</span> <span class='ocrx_word' id='word_1_161' title='bbox 687 3995 870 4078; x_wconf 73' lang='lat' dir='ltr'>foeminis</span> <span class='ocrx_word' id='word_1_162' title='bbox 904 3997 1112 4105; x_wconf 77' lang='lat' dir='ltr'>hystoricis</span> <span class='ocrx_word' id='word_1_163' title='bbox 1142 3995 1345 4077; x_wconf 90' lang='lat' dir='ltr'>facultates</span> 
     </span>
    </p>
   </div>
   <div class='ocr_carea' id='block_1_9' title="bbox 347 4217 1345 4310">
    <p class='ocr_par' dir='ltr' id='par_1_14' title="bbox 347 4217 1345 4310">
     <span class='ocr_line' id='line_1_27' title="bbox 347 4217 1345 4310; baseline -0.002 -32"><span class='ocrx_word' id='word_1_164' title='bbox 347 4217 366 4255; x_wconf 74' lang='lat'>⁴*</span> <span class='ocrx_word' id='word_1_165' title='bbox 379 4222 482 4299; x_wconf 74' lang='grc' dir='ltr'>Σωμα,</span> <span class='ocrx_word' id='word_1_166' title='bbox 503 4224 598 4298; x_wconf 79' lang='grc' dir='ltr'><em>Ψυχη,</em></span> <span class='ocrx_word' id='word_1_167' title='bbox 612 4223 683 4286; x_wconf 63' lang='lat' dir='ltr'>Nus}</span> <span class='ocrx_word' id='word_1_168' title='bbox 705 4219 848 4280; x_wconf 87' lang='lat' dir='ltr'>Antonin.</span> <span class='ocrx_word' id='word_1_169' title='bbox 862 4218 911 4310; x_wconf 76' lang='lat' dir='ltr'>lib.</span> <span class='ocrx_word' id='word_1_170' title='bbox 927 4217 964 4275; x_wconf 90' lang='lat' dir='ltr'>iii.</span> <span class='ocrx_word' id='word_1_171' title='bbox 981 4219 997 4295; x_wconf 68' lang='lat' dir='ltr'>p</span> <span class='ocrx_word' id='word_1_172' title='bbox 1016 4221 1061 4278; x_wconf 91' lang='grc'>16.</span> <span class='ocrx_word' id='word_1_173' title='bbox 1084 4217 1216 4296; x_wconf 81' lang='lat' dir='ltr'>simplic.</span> <span class='ocrx_word' id='word_1_174' title='bbox 1231 4219 1345 4278; x_wconf 85' lang='lat' dir='ltr'>Corum.</span> 
     </span>
    </p>
   </div>
   <div class='ocr_carea' id='block_1_10' title="bbox 175 4319 1346 4399">
    <p class='ocr_par' dir='ltr' id='par_1_15' title="bbox 175 4319 1346 4399">
     <span class='ocr_line' id='line_1_28' title="bbox 175 4319 1346 4399; baseline 0 -20"><span class='ocrx_word' id='word_1_175' title='bbox 175 4324 179 4328; x_wconf 74' lang='grc'><strong><em>’</em></strong></span> <span class='ocrx_word' id='word_1_176' title='bbox 284 4319 340 4380; x_wconf 84' lang='lat' dir='ltr'>‘in</span> <span class='ocrx_word' id='word_1_177' title='bbox 352 4319 445 4398; x_wconf 77' lang='lat' dir='ltr'>Epist.</span> <span class='ocrx_word' id='word_1_178' title='bbox 461 4343 490 4399; x_wconf 86' lang='lat' dir='ltr'>p.</span> <span class='ocrx_word' id='word_1_179' title='bbox 507 4327 534 4385; x_wconf 86' lang='lat'>7.</span> <span class='ocrx_word' id='word_1_180' title='bbox 578 4319 1346 4399; x_wconf 77' lang='lat' dir='ltr'>Hammond,Whitby,etBensonComm.ln&#39;l&#39;hts·</span> 
     </span>
    </p>
   </div>
   <div class='ocr_carea' id='block_1_11' title="bbox 308 4422 568 4503">
    <p class='ocr_par' dir='ltr' id='par_1_16' title="bbox 308 4422 568 4503">
     <span class='ocr_line' id='line_1_29' title="bbox 308 4422 568 4503; baseline 0.008 -21"><span class='ocrx_word' id='word_1_181' title='bbox 308 4422 359 4485; x_wconf 80' lang='lat' dir='ltr'>sal.</span> <span class='ocrx_word' id='word_1_182' title='bbox 378 4428 389 4482; x_wconf 95' lang='lat' dir='ltr'>l</span> <span class='ocrx_word' id='word_1_183' title='bbox 407 4425 465 4503; x_wconf 80' lang='lat' dir='ltr'>Ep.</span> <span class='ocrx_word' id='word_1_184' title='bbox 479 4445 507 4486; x_wconf 88' lang='lat' dir='ltr'>v.</span> <span class='ocrx_word' id='word_1_185' title='bbox 522 4428 568 4484; x_wconf 71' lang='lat'>23.</span> 
     </span>
    </p>
   </div>
   <div class='ocr_carea' id='block_1_12' title="bbox 0 0 1511 5086">
    <p class='ocr_par' dir='ltr' id='par_1_17' title="bbox 0 0 1511 5086">
     <span class='ocr_line' id='line_1_30' title="bbox 0 0 1511 5086; baseline 0 0"><span class='ocrx_word' id='word_1_186' title='bbox 0 0 1511 5086; x_wconf 95' lang='lat' dir='ltr'> </span> 
     </span>
    </p>
   </div>
  </div>
 </body>
</html>
