3050 5084
328 607 525 720 prehensa
536 621 709 709 angusta
719 599 804 706 ejus
821 621 932 706 parte
945 621 1073 704 quam
1087 591 1273 700 proxime
1287 609 1363 670 ute

328 775 426 830 rum
438 746 506 828 cui
517 741 818 824 annectebatur.
880 738 974 816 Hoc
988 733 1109 832 facto,
1124 753 1366 838 postpaucot

328 883 414 965 dies
453 909 546 963 caro
583 877 745 976 excidit,
772 897 812 956 et
846 870 1026 980 reliquiae
1060 870 1145 978 ejus
1183 868 1228 947 in
1259 887 1369 946 utero

329 1040 593 1129 putruerunt,
603 1039 643 1098 et
654 1016 950 1096 abscesserunt:
970 1037 1103 1116 neque
1118 1005 1230 1087 aliud
1251 1029 1372 1089 reme-

329 1161 451 1240 dium
481 1155 733 1264 postulatum
752 1173 824 1250 est,
853 1171 995 1256 praeter
1019 1173 1171 1253 aquam
1189 1173 1239 1224 ex
1269 1133 1373 1222 flori⁴

331 1297 411 1378 bue
428 1291 679 1398 chamaemeli
707 1289 850 1396 saepius
870 1285 1062 1367 infusam.
1121 1285 1243 1384 Hanc
1265 1307 1372 1362 cura-

332 1435 502 1534 tionem,
522 1459 650 1540 quam
669 1429 801 1510 aiebat
818 1425 997 1536 periculo
1017 1449 1170 1523 vacare,
1189 1423 1276 1530 ipse
1295 1417 1373 1499 vidi

333 1571 459 1654 fuisse
479 1568 694 1652 efficacem.

393 1713 522 1790 Furor
539 1705 725 1788 uterinus
750 1723 835 1784 non
855 1729 1010 1810 semper
1038 1693 1205 1782 initium
1225 1697 1377 1779 ducita

336 1847 439 1930 vitio
450 1845 569 1943 uteri,
588 1843 657 1938 sed
672 1841 881 1923 interdum
900 1841 1003 1921 nihil
1023 1843 1143 1923 distat
1158 1841 1209 1922 ab
1225 1840 1379 1922 insania
1438 1913 1440 1950 p

338 1984 523 2091 vulgari;
553 1983 713 2088 inqua,
741 2009 838 2062 curn
867 2007 981 2061 mens
1001 1979 1112 2060 haud
1136 1981 1315 2086 amplius
1334 1983 1380 2063 sit
1439 1951 1441 1988 Ι

340 2123 567 2228 suipotens‚
576 2117 807 2200 istiusmodi
820 2119 1078 2224 cogitationes
1093 2118 1287 2221 subeunt,
1296 2149 1380 2228 quae
1444 2102 1446 2142 ³

341 2259 468 2342 modo
497 2257 725 2356 libidinem,
753 2255 879 2336 modo
909 2257 1189 2358 ambitionem,
1218 2259 1382 2358 itamve,

343 2421 415 2481 aut
426 2397 523 2479 alios
536 2395 701 2477 affectus
716 2395 956 2478 accendunt:
986 2419 1077 2478 tum
1092 2397 1136 2477 in
1155 2399 1273 2478 omni
1285 2397 1384 2480 insa·
1453 2449 1454 2456 κ

344 2537 414 2620 nia
432 2537 574 2641 lingua
588 2555 718 2640 potest
730 2533 853 2614 verba
865 2533 1056 2640 proferre,
1075 2561 1257 2642 quorum
1275 2563 1383 2618 mens

345 2702 433 2756 non
447 2671 605 2754 conscia
620 2693 691 2752 est.
750 2673 944 2752 Furorem
959 2694 1076 2772 certe,
1092 2701 1216 2779 quem
1228 2695 1386 2772 vocant,

347 2811 573 2910 uterinum,
606 2836 691 2890 non
711 2808 845 2888 solum
865 2809 962 2888 novi
981 2809 1170 2892 invaeisse
1192 2811 1387 2918 juniores,

349 2949 418 3030 sed
431 2947 742 3030 etiamvetulam
753 2946 1058 3047 moribundam,
1071 2975 1160 3054 quae
1174 2948 1248 3028 diu
1259 2948 1389 3030 fuerat

349 3085 497 3183 tenuia,
518 3105 589 3164 aut
612 3081 763 3162 nullius
784 3055 1038 3184 ualetudinis,
1066 3107 1105 3164 et
1124 3085 1238 3190 cujus
1259 3113 1389 3168 mores

351 3223 505 3332 pudici,
521 3244 563 3302 et
582 3243 673 3302 aetas
698 3221 876 3325 grandis,
904 3221 1174 3326 cupiditatum
1194 3223 1391 3320 ardorem,

351 3383 401 3444 ut
430 3361 490 3440 fas
520 3380 579 3440 est
609 3358 779 3458 credere,
802 3357 890 3464 jam
921 3358 1020 3438 olim
1052 3361 1330 3460 restinxerant,
1356 3382 1392 3440 et

352 3496 523 3578 Veneris
537 3494 761 3600 voluptates
777 3493 981 3576 oblivione
996 3495 1232 3577 deleverant.
1294 3501 1390 3578 Ptae·

354 3659 461 3720 terea
480 3633 666 3714 homines
683 3631 844 3712 insanos
858 3655 982 3714 oestro
994 3635 1176 3714 Venereo
1192 3635 1304 3716 haud
1319 3633 1391 3714 mi·

355 3802 435 3856 nus
470 3771 639 3878 percitos
669 3769 870 3870 videmus,
907 3799 1035 3877 quam
1073 3791 1199 3873 meto3
1228 3773 1390 3854 ultionis

357 3935 508 4007 amore,
527 3929 566 3987 et
585 3907 671 3987 aliis
691 3906 818 3986 animi
838 3908 1221 4013 perturbationibus.

414 4047 581 4144 Uterus‚
594 4043 706 4124 haud
725 4071 836 4124 secus
852 4073 897 4125 ac
911 4035 1101 4128 mammae
1117 4047 1393 4147 foeminarum,

359 4169 593 4268 iunioribus
616 4181 822 4264 stirrhosia
845 4182 1056 4268 interdum
1090 4185 1316 4288 infestatur,
1347 4186 1390 4267 in
