3016 5076
815 399 905 566 sa

322 677 438 772 Alius
453 703 620 786 quoque
632 673 816 760 saviente
827 675 966 760 dolore
980 677 1187 777 arthritico
1199 683 1253 765 ad
1271 711 1361 768 san-

179 895 183 902 ,
320 813 457 922 guinis
477 811 713 894 missionem
732 839 887 922 semper
900 811 1104 922 confugit,
1121 817 1232 900 unde
1245 819 1368 904 dolor
1489 831 1490 844 '

319 951 428 1032 illico
442 949 632 1030 delinitus
645 969 717 1050 est,
735 971 774 1030 et
789 977 956 1030 somnus
968 952 1148 1057 placidus
1161 979 1361 1038 recreans-

320 1113 403 1193 que
420 1085 625 1166 inductus.
682 1087 841 1193 Neque,
860 1107 1064 1192 quantum
1082 1088 1272 1192 intellexi,
1291 1115 1366 1178 aut

318 1223 431 1305 hunc
446 1243 516 1304 aut
527 1222 646 1304 illum
659 1223 854 1328 poenituit
864 1245 950 1304 tam
961 1224 1169 1308 abnormis
1184 1229 1358 1312 curatio-

187 1449 192 1458 ,
318 1361 393 1444 nis.
451 1359 570 1440 Pauci
586 1381 721 1442 autem
736 1360 956 1467 negabunt,
975 1361 1050 1443 ubi
1065 1364 1279 1470 pulmones
1291 1395 1358 1448 vs-

316 1473 524 1582 hementer
542 1498 739 1598 laborant,
757 1523 869 1579 venae
887 1497 1126 1582 incisionem
1144 1501 1229 1584 sine
1243 1531 1356 1586 sum-

316 1627 386 1718 mo
404 1635 582 1744 periculo
601 1634 736 1715 omitti
754 1661 839 1715 non
857 1663 985 1742 posse,
1010 1663 1252 1746 quanquam
1269 1667 1357 1723 cer·

316 1771 467 1856 tissime
478 1792 633 1852 constet
643 1773 799 1851 malum
812 1771 863 1851 ad
878 1771 1131 1856 arthritidem
1142 1775 1351 1882 pertinere.

315 1910 365 1989 In
383 1907 538 1990 morbis
556 1907 701 2012 longis,
720 1907 1015 2016 qualiscunque
1027 1909 1145 1992 detur
1163 1911 1352 2019 podagra

315 2045 503 2152 suspicio,
533 2041 744 2124 conveniet
781 2069 914 2149 neque
942 2073 1067 2152 aquas
1107 2046 1355 2130 Bathonicas·

234 2157 241 2168 .
313 2182 523 2287 imperare,
541 2205 673 2286 neque
693 2179 768 2260 alia
787 2181 939 2286 quaevis
968 2183 1158 2283 remedia,
1176 2212 1268 2292 quae
1288 2183 1350 2266 ar-

312 2318 522 2401 thritidem
541 2343 731 2432 arcessere
749 2315 1042 2418 existimantur,
1063 2320 1189 2402 modo
1207 2321 1350 2404 eadem

180 2551 185 2561 ,
289 2453 532 2562 'periculosa
559 2474 702 2553 essent,
729 2452 763 2532 si
782 2452 834 2532 ab
865 2451 951 2534 aliis
980 2454 1108 2536 causis
1140 2457 1346 2562 aegrotatio

309 2587 545 2700 proveniat:
573 2587 724 2694 optime
757 2615 852 2668 vero
889 2615 995 2695 aegro
1033 2591 1279 2693 consuletur,
1311 2592 1345 2675 si

310 2715 414 2808 nibil
427 2726 538 2808 aliud
549 2725 780 2824 moliamur,
800 2751 927 2830 quam
938 2725 1077 2808 omnia
1090 2725 1147 2808 sic
1159 2727 1345 2810 ordinare

307 2885 356 2945 ut
378 2863 611 2944 naturaliter
630 2889 712 2943 esse
740 2859 901 2961 debent,
920 2885 1004 2962 aut,
1016 2949 1019 2958 ,
1031 2861 1105 2944 nbi
1123 2890 1244 2970 grave
1272 2863 1343 2950 ali-

307 3000 410 3110 quid
428 2999 627 3099 inciderit,
644 2997 689 3078 id
707 2999 846 3078 levare.

360 3137 488 3219 Haud
506 3135 611 3217 mibi
621 3135 666 3214 in
677 3134 815 3216 animo
828 3156 889 3216 est
899 3135 1120 3241 expendere
1133 3135 1340 3246 sumitates

197 3287 203 3299 '
305 3297 509 3382 aquarum
536 3271 866 3371 Bathonicatum,
893 3292 933 3352 et
951 3271 1341 3356 medicamentorum

302 3407 635 3508 calefaciendum,
662 3407 798 3514 qualia
825 3435 874 3488 ex
901 3409 1150 3492 aromatibus
1178 3431 1218 3492 et
1241 3409 1342 3500 vino

300 3566 510 3654 petuntur,
527 3543 580 3625 ad
593 3543 846 3626 excitandam
859 3543 1096 3650 podagram,
1113 3546 1245 3628 sicubi
1258 3547 1338 3630 hoc

299 3703 401 3764 esset
419 3680 699 3789 expetendum.
757 3682 850 3764 Post
867 3681 1032 3780 brevem
1051 3709 1188 3783 usum,
1214 3681 1342 3785 fama,

299 3819 379 3902 nisi
387 3817 519 3920 fallor,
532 3818 708 3902 minores
722 3809 1084 3925 deprehendenmr.
1125 3819 1267 3902 'Leues
1277 3821 1339 3904 illi

297 3957 472 4076 vagique
484 3957 654 4057 dolores,
672 3956 746 4064 qui
761 3955 905 4038 sumtis
921 3956 1106 4038 remediis
1119 3955 1336 4038 antarthri-

296 4095 385 4178 ticis
393 4094 637 4194 sentiuntur,
645 4114 888 4176 etvocantur
897 4090 1083 4200 podagra
1092 4092 1338 4195 rudimenta,

296 4229 1347 4341 nunquamfortassenonsentirenturinaetateincli,

295 4391 402 4474 nata,
429 4368 464 4454 si
482 4367 576 4488 quis
591 4389 740 4454 attente
751 4367 939 4454 animum
952 4367 1005 4450 ad
1016 4397 1085 4454 eos
1099 4367 1332 4466 adverteret·
