2990 5078
782 407 880 506 12¹8
935 475 956 488 ι·

302 615 443 725 Longe
473 618 694 700 efficaciora
728 644 825 702 sunt
859 641 949 701 nur¹
965 622 1186 723 moschata,
1216 647 1351 706 cortex

302 742 568 855 cinnamomi,
587 779 722 837 cortex
741 759 913 863 granati,
932 779 971 838 et
990 761 1068 839 alia
1086 759 1351 866 hujusmodi,

301 921 434 1000 neque
453 922 549 974 vero
569 895 659 975 haec
679 922 836 1001 semper
856 897 949 976 satis
970 919 1080 997 sunt,
1109 897 1189 977 nisi
1209 895 1351 980 misce-

195 1107 198 1114 .
301 1053 424 1110 antur
443 1056 540 1111 cum
568 1031 730 1136 gummi
750 1032 940 1132 Arabim,
969 1034 1120 1142 amylo,
1148 1056 1221 1114 aut
1243 1035 1351 1142 opio,

302 1167 455 1274 quibus
467 1167 656 1249 intestina
669 1171 937 1254 commotiore
950 1171 1210 1252 deliniantur.
1260 1174 1350 1253 Me·

300 1305 580 1385 dicamentum
612 1307 726 1412 quod
745 1307 866 1387 habet
885 1307 1091 1388 'testarum
1121 1329 1348 1390 ostreorum

217 1539 222 1546 ,
301 1431 653 1543 semidracbmam,
673 1445 830 1525 corticis
850 1446 1007 1550 granati
1030 1473 1157 1552 grana
1176 1447 1348 1554 quinde-

301 1583 396 1683 cim,
408 1583 523 1663 nucis
540 1581 756 1662 moschatae
772 1583 1128 1688 semiscrupulum,
1142 1607 1182 1665 et
1197 1585 1349 1666 tinctu·

300 1747 357 1802 rae
374 1721 456 1826 opii
469 1743 602 1826 guttas
619 1743 712 1820 tres,
722 1749 770 1800 ex
786 1721 949 1826 potione
962 1721 1144 1832 qualibet
1158 1745 1345 1804 sumtum

300 1859 420 1938 semel
441 1881 512 1938 aut
530 1859 593 1938 bis
615 1858 811 1966 quotidie,
830 1859 1011 1939 multum
1031 1839 1348 1965 prodest'adver·

300 2020 367 2072 sus
387 1995 526 2100 longas
542 2018 581 2075 et
597 1996 833 2076 inveteratas
846 1994 1108 2101 dejectiones;
1138 1997 1267 2076 sedin
1287 2023 1347 2078 re·

300 2131 476 2211 centiore
488 2159 533 2212 ac
545 2133 774 2212 vehementi
787 2133 935 2211 morbo
947 2131 1049 2226 illud
1062 2153 1171 2211 sexta
1184 2161 1348 2240 quaque

300 2264 403 2349 hora
412 2267 507 2348 dare
518 2269 730 2374 oportebit.
790 2268 857 2347 Ad
872 2268 975 2367 haec,
991 2269 1173 2348 multum
1182 2267 1346 2375 juvabit

300 2403 479 2484 tinctura
507 2406 589 2512 opii
614 2405 769 2510 potioni
799 2405 965 2484 cuilibet
993 2405 1182 2484 instillata
1201 2406 1271 2506 sic,
1298 2427 1345 2486 ut

301 2564 517 2621 sumanmr
535 2564 664 2646 guttae
686 2564 763 2652 tres
784 2543 846 2620 vel
867 2563 1043 2646 quatuor
1062 2563 1152 2656 post
1167 2542 1344 2648 singulas

301 2677 539 2783 dejectiones
552 2679 737 2785 liquidas.
773 2671 979 2758 Tincturae
992 2677 1115 2758 etiam
1126 2679 1207 2794 opii
1221 2701 1345 2785 gutta
1479 2781 1480 2808 Ν

224 2837 228 2844 ·
303 2812 463 2918 viginti,
477 2837 547 2894 aut
559 2816 840 2922 quadraginta,
854 2841 902 2894 ex
914 2843 1047 2920 aquae,
1060 2814 1103 2894 in
1117 2835 1362 2920 quasemen'
1479 2907 1480 2926 Ν

302 2949 478 3058 Cydonii
493 2953 603 3051 mali,
617 2953 679 3031 vel
695 2953 879 3059 amylum
894 2951 1109 3030 decoctum
1124 2973 1197 3050 est,
1214 2951 1344 3032 unciis

302 3087 560 3194 quinque,in
572 3088 711 3167 alvum
722 3088 875 3168 utiliter
890 3087 1180 3168 infunduntur.
1212 3087 1345 3167 Gum-

300 3223 360 3302 mi
376 3253 542 3332 quoque
556 3225 722 3306 Arabici
741 3226 862 3305 uncia
881 3225 1075 3304 dissoluta
1094 3223 1139 3303 in
1160 3251 1266 3330 aqua
1284 3223 1345 3323 uel

301 3387 417 3464 pura,
435 3364 498 3440 vel
526 3361 681 3468 adjecto
700 3363 811 3461 lacte,
840 3362 993 3441 utiliter
1010 3361 1199 3441 hauritur
1213 3360 1347 3467 quoti-

300 3494 377 3576 die.
437 3499 656 3598 Postremo‚
689 3497 818 3604 adipis
849 3499 961 3578 ovilli
996 3497 1268 3578 cochlearium
1300 3523 1347 3576 ex

300 3633 412 3714 lactis
432 3632 621 3716 calefacti
631 3635 761 3716 unciis
784 3657 961 3741 quatuor
981 3631 1199 3740 liquatum}
1221 3633 1284 3736 bis
1304 3632 1346 3712 in

299 3772 367 3854 die
385 3794 553 3878 epotum
573 3754 788 3879 proficicet
807 3773 859 3853 ad
879 3771 1123 3871 sanandum,
1142 3793 1181 3850 et
1200 3771 1251 3852 ad
1271 3799 1347 3850 nu-

300 3909 511 3992 triendum
532 3939 704 4016 aegrum.

191 4029 192 4034 Ν
356 4048 476 4128 Ratio
493 4047 684 4128 medendi
697 4073 824 4154 quam
840 4047 1049 4153 proposui,
1061 4073 1168 4153 soepe
1181 4045 1347 4152 quidem

299 4185 528 4292 respondet,
546 4185 621 4265 ubi
636 4185 806 4265 morbus
823 4185 1012 4266 sanabilis
1024 4205 1097 4284 est,
1116 4181 1157 4264 et
1170 4183 1247 4264 ubi
1262 4207 1347 4263 om·

298 4321 399 4404 nino
412 4351 513 4432 opus
529 4345 588 4403 est
599 4321 917 4404 medicamentis.
963 4323 1093 4404 Alvus
1106 4342 1245 4402 autem
1259 4317 1348 4399 fusa
