<?xml version="1.0" encoding="UTF-8"?>
<!DOCTYPE html PUBLIC "-//W3C//DTD XHTML 1.0 Transitional//EN"
    "http://www.w3.org/TR/xhtml1/DTD/xhtml1-transitional.dtd">
<html xmlns="http://www.w3.org/1999/xhtml" xml:lang="en" lang="en">
 <head>
  <title>
</title>
<meta http-equiv="Content-Type" content="text/html;charset=utf-8" />
  <meta name='ocr-system' content='tesseract 3.04.00' />
  <meta name='ocr-capabilities' content='ocr_page ocr_carea ocr_par ocr_line ocrx_word'/>
</head>
<body>
  <div class='ocr_page' id='page_1' title='image "./commentariidemo00hebegoog_0362.png"; bbox 0 0 3050 5084; ppageno 0'>
   <div class='ocr_carea' id='block_1_1' title="bbox 691 488 793 602">
    <p class='ocr_par' dir='ltr' id='par_1_1' title="bbox 691 488 793 602">
     <span class='ocr_line' id='line_1_1' title="bbox 691 488 793 602; baseline 0 -16"><span class='ocrx_word' id='word_1_1' title='bbox 691 488 793 602; x_wconf 64' lang='lat'>347</span> 
     </span>
    </p>
   </div>
   <div class='ocr_carea' id='block_1_2' title="bbox 146 679 1429 3812">
    <p class='ocr_par' dir='ltr' id='par_1_2' title="bbox 217 679 1429 1082">
     <span class='ocr_line' id='line_1_2' title="bbox 217 679 1429 800; baseline 0.001 -20"><span class='ocrx_word' id='word_1_2' title='bbox 217 697 509 798; x_wconf 85' lang='lat' dir='ltr'>Portlandicus‚</span> <span class='ocrx_word' id='word_1_3' title='bbox 542 699 719 782; x_wconf 87' lang='lat' dir='ltr'>remedia</span> <span class='ocrx_word' id='word_1_4' title='bbox 751 727 801 778; x_wconf 89' lang='lat' dir='ltr'>ex</span> <span class='ocrx_word' id='word_1_5' title='bbox 834 699 1076 800; x_wconf 88' lang='lat' dir='ltr'>antimonio‚</span> <span class='ocrx_word' id='word_1_6' title='bbox 1103 698 1262 780; x_wconf 87' lang='lat' dir='ltr'>nitrum</span> <span class='ocrx_word' id='word_1_7' title='bbox 1297 679 1300 690; x_wconf 43' lang='lat'><strong>¹</strong></span> <span class='ocrx_word' id='word_1_8' title='bbox 1423 699 1429 714; x_wconf 87' lang='lat'>&#39;</span> 
     </span>
     <span class='ocr_line' id='line_1_3' title="bbox 218 837 1262 944; baseline 0.003 -26"><span class='ocrx_word' id='word_1_9' title='bbox 218 865 315 918; x_wconf 88' lang='lat' dir='ltr'>cum</span> <span class='ocrx_word' id='word_1_10' title='bbox 335 838 414 918; x_wconf 79' lang='lat' dir='ltr'>eale</span> <span class='ocrx_word' id='word_1_11' title='bbox 429 837 579 918; x_wconf 88' lang='lat' dir='ltr'>volatili</span> <span class='ocrx_word' id='word_1_12' title='bbox 595 839 786 936; x_wconf 87' lang='lat' dir='ltr'>mixtum,</span> <span class='ocrx_word' id='word_1_13' title='bbox 800 837 1001 918; x_wconf 86' lang='lat' dir='ltr'>trifolium</span> <span class='ocrx_word' id='word_1_14' title='bbox 1018 837 1262 944; x_wconf 86' lang='lat' dir='ltr'>paludosum</span> 
     </span>
     <span class='ocr_line' id='line_1_4' title="bbox 218 973 1382 1082; baseline -0.003 -26"><span class='ocrx_word' id='word_1_15' title='bbox 218 973 263 1056; x_wconf 89' lang='lat' dir='ltr'>in</span> <span class='ocrx_word' id='word_1_16' title='bbox 283 975 491 1082; x_wconf 85' lang='lat' dir='ltr'>pulverem</span> <span class='ocrx_word' id='word_1_17' title='bbox 520 975 679 1074; x_wconf 88' lang='lat' dir='ltr'>tritum,</span> <span class='ocrx_word' id='word_1_18' title='bbox 708 975 771 1056; x_wconf 83' lang='lat' dir='ltr'>vel</span> <span class='ocrx_word' id='word_1_19' title='bbox 789 1003 896 1082; x_wconf 84' lang='lat' dir='ltr'>aqua</span> <span class='ocrx_word' id='word_1_20' title='bbox 915 975 959 1054; x_wconf 91' lang='lat' dir='ltr'>in</span> <span class='ocrx_word' id='word_1_21' title='bbox 978 1002 1104 1082; x_wconf 90' lang='lat' dir='ltr'>quam</span> <span class='ocrx_word' id='word_1_22' title='bbox 1123 973 1264 1054; x_wconf 74' lang='lat' dir='ltr'><strong>id&#39;im-</strong></span> <span class='ocrx_word' id='word_1_23' title='bbox 1376 1013 1382 1020; x_wconf 91' lang='lat'>·</span> 
     </span>
    </p>

    <p class='ocr_par' dir='ltr' id='par_1_3' title="bbox 160 1111 1356 2726">
     <span class='ocr_line' id='line_1_5' title="bbox 160 1111 1356 1222; baseline 0 -32"><span class='ocrx_word' id='word_1_24' title='bbox 160 1202 165 1222; x_wconf 37' lang='grc' dir='ltr'>ι</span> <span class='ocrx_word' id='word_1_25' title='bbox 217 1112 393 1203; x_wconf 80' lang='lat' dir='ltr'>missum</span> <span class='ocrx_word' id='word_1_26' title='bbox 425 1133 497 1217; x_wconf 82' lang='lat' dir='ltr'>est,</span> <span class='ocrx_word' id='word_1_27' title='bbox 525 1111 624 1192; x_wconf 90' lang='lat' dir='ltr'>item</span> <span class='ocrx_word' id='word_1_28' title='bbox 652 1111 786 1191; x_wconf 84' lang='lat' dir='ltr'>herbae</span> <span class='ocrx_word' id='word_1_29' title='bbox 825 1112 910 1190; x_wconf 81' lang='lat' dir='ltr'>aliae</span> <span class='ocrx_word' id='word_1_30' title='bbox 942 1138 1101 1210; x_wconf 84' lang='lat' dir='ltr'>amarae,</span> <span class='ocrx_word' id='word_1_31' title='bbox 1129 1111 1264 1210; x_wconf 71' lang='lat' dir='ltr'>exist&#39;r-</span> <span class='ocrx_word' id='word_1_32' title='bbox 1355 1205 1356 1210; x_wconf 8' lang='grc' dir='ltr'><strong><em>Ν</em></strong></span> 
     </span>
     <span class='ocr_line' id='line_1_6' title="bbox 219 1247 1300 1355; baseline 0.002 -27"><span class='ocrx_word' id='word_1_33' title='bbox 219 1270 328 1330; x_wconf 84' lang='lat' dir='ltr'>mata</span> <span class='ocrx_word' id='word_1_34' title='bbox 348 1269 444 1329; x_wconf 87' lang='lat' dir='ltr'>sunt</span> <span class='ocrx_word' id='word_1_35' title='bbox 463 1250 505 1328; x_wconf 89' lang='lat' dir='ltr'>vi</span> <span class='ocrx_word' id='word_1_36' title='bbox 523 1249 684 1355; x_wconf 88' lang='lat' dir='ltr'>propria</span> <span class='ocrx_word' id='word_1_37' title='bbox 703 1248 832 1338; x_wconf 81' lang='lat' dir='ltr'>valere</span> <span class='ocrx_word' id='word_1_38' title='bbox 861 1270 1001 1328; x_wconf 88' lang='lat' dir='ltr'>contra</span> <span class='ocrx_word' id='word_1_39' title='bbox 1020 1247 1263 1330; x_wconf 78' lang='lat' dir='ltr'>rheumatis·</span> <span class='ocrx_word' id='word_1_40' title='bbox 1299 1259 1300 1267; x_wconf 71' lang='lat'><em>&#39;</em></span> 
     </span>
     <span class='ocr_line' id='line_1_7' title="bbox 219 1385 1354 1490; baseline -0.003 -22"><span class='ocrx_word' id='word_1_41' title='bbox 219 1415 350 1480; x_wconf 89' lang='lat' dir='ltr'>mum.</span> <span class='ocrx_word' id='word_1_42' title='bbox 393 1387 553 1466; x_wconf 87' lang='lat' dir='ltr'>Verum</span> <span class='ocrx_word' id='word_1_43' title='bbox 573 1385 657 1466; x_wconf 88' lang='lat' dir='ltr'>haec</span> <span class='ocrx_word' id='word_1_44' title='bbox 673 1387 813 1470; x_wconf 90' lang='lat' dir='ltr'>omnia</span> <span class='ocrx_word' id='word_1_45' title='bbox 832 1385 1029 1475; x_wconf 82' lang='lat' dir='ltr'>censenda</span> <span class='ocrx_word' id='word_1_46' title='bbox 1045 1409 1154 1490; x_wconf 83' lang='lat' dir='ltr'>sunt,</span> <span class='ocrx_word' id='word_1_47' title='bbox 1173 1409 1263 1466; x_wconf 89' lang='lat' dir='ltr'>tan·</span> <span class='ocrx_word' id='word_1_48' title='bbox 1352 1395 1354 1399; x_wconf 80' lang='grc'><strong>’</strong></span> 
     </span>
     <span class='ocr_line' id='line_1_8' title="bbox 220 1521 1263 1632; baseline -0.003 -28"><span class='ocrx_word' id='word_1_49' title='bbox 220 1551 347 1632; x_wconf 86' lang='lat' dir='ltr'>quam</span> <span class='ocrx_word' id='word_1_50' title='bbox 360 1551 450 1632; x_wconf 82' lang='lat' dir='ltr'>quae</span> <span class='ocrx_word' id='word_1_51' title='bbox 467 1523 776 1616; x_wconf 84' lang='lat' dir='ltr'>candidatorum</span> <span class='ocrx_word' id='word_1_52' title='bbox 790 1545 918 1628; x_wconf 90' lang='lat' dir='ltr'>partes</span> <span class='ocrx_word' id='word_1_53' title='bbox 932 1521 1144 1623; x_wconf 84' lang='lat' dir='ltr'>sustinent,</span> <span class='ocrx_word' id='word_1_54' title='bbox 1158 1547 1263 1602; x_wconf 86' lang='lat' dir='ltr'>non-</span> 
     </span>
     <span class='ocr_line' id='line_1_9' title="bbox 218 1639 1262 1766; baseline -0.003 -23"><span class='ocrx_word' id='word_1_55' title='bbox 218 1639 323 1744; x_wconf 80' lang='lat' dir='ltr'>dum</span> <span class='ocrx_word' id='word_1_56' title='bbox 352 1661 397 1740; x_wconf 89' lang='lat' dir='ltr'>in</span> <span class='ocrx_word' id='word_1_57' title='bbox 416 1688 589 1740; x_wconf 88' lang='lat' dir='ltr'>numero</span> <span class='ocrx_word' id='word_1_58' title='bbox 609 1661 884 1741; x_wconf 76' lang='lat' dir='ltr'>remediorum</span> <span class='ocrx_word' id='word_1_59' title='bbox 903 1657 1128 1740; x_wconf 86' lang='lat' dir='ltr'>efficacium</span> <span class='ocrx_word' id='word_1_60' title='bbox 1146 1685 1262 1766; x_wconf 89' lang='lat' dir='ltr'>repo-</span> 
     </span>
     <span class='ocr_line' id='line_1_10' title="bbox 219 1795 1261 1905; baseline 0 -27"><span class='ocrx_word' id='word_1_61' title='bbox 219 1819 388 1879; x_wconf 88' lang='lat' dir='ltr'>nuntur.</span> <span class='ocrx_word' id='word_1_62' title='bbox 438 1795 719 1905; x_wconf 84' lang='lat' dir='ltr'>Sydenhamus</span> <span class='ocrx_word' id='word_1_63' title='bbox 736 1798 829 1903; x_wconf 85' lang='lat' dir='ltr'>opio</span> <span class='ocrx_word' id='word_1_64' title='bbox 846 1795 907 1877; x_wconf 92' lang='lat' dir='ltr'>uti</span> <span class='ocrx_word' id='word_1_65' title='bbox 925 1796 1112 1903; x_wconf 88' lang='lat' dir='ltr'>prohibet</span> <span class='ocrx_word' id='word_1_66' title='bbox 1126 1797 1168 1877; x_wconf 90' lang='lat' dir='ltr'>in</span> <span class='ocrx_word' id='word_1_67' title='bbox 1183 1797 1261 1878; x_wconf 89' lang='lat' dir='ltr'>hoc</span> 
     </span>
     <span class='ocr_line' id='line_1_11' title="bbox 220 1917 1262 2042; baseline 0.001 -27"><span class='ocrx_word' id='word_1_68' title='bbox 220 1935 391 2035; x_wconf 78' lang='lat' dir='ltr'>affectu3</span> <span class='ocrx_word' id='word_1_69' title='bbox 421 1965 515 2042; x_wconf 84' lang='lat' dir='ltr'>pace</span> <span class='ocrx_word' id='word_1_70' title='bbox 535 1957 672 2016; x_wconf 87' lang='lat' dir='ltr'>tamen</span> <span class='ocrx_word' id='word_1_71' title='bbox 691 1936 793 2015; x_wconf 85' lang='lat' dir='ltr'><strong>tanti</strong></span> <span class='ocrx_word' id='word_1_72' title='bbox 814 1935 961 2015; x_wconf 86' lang='lat' dir='ltr'>medici</span> <span class='ocrx_word' id='word_1_73' title='bbox 987 1917 1159 2015; x_wconf 78' lang='lat' dir='ltr'>dixerim</span> <span class='ocrx_word' id='word_1_74' title='bbox 1188 1934 1262 2016; x_wconf 86' lang='lat' dir='ltr'>do-</span> 
     </span>
     <span class='ocr_line' id='line_1_12' title="bbox 219 2073 1262 2179; baseline -0.003 -25"><span class='ocrx_word' id='word_1_75' title='bbox 219 2073 321 2166; x_wconf 85' lang='lat' dir='ltr'>lores</span> <span class='ocrx_word' id='word_1_76' title='bbox 342 2073 397 2154; x_wconf 85' lang='lat' dir='ltr'>sic</span> <span class='ocrx_word' id='word_1_77' title='bbox 426 2073 595 2179; x_wconf 88' lang='lat' dir='ltr'>impune</span> <span class='ocrx_word' id='word_1_78' title='bbox 615 2073 744 2172; x_wconf 90' lang='lat' dir='ltr'>leniri,</span> <span class='ocrx_word' id='word_1_79' title='bbox 772 2095 811 2152; x_wconf 90' lang='lat' dir='ltr'>et</span> <span class='ocrx_word' id='word_1_80' title='bbox 831 2099 1023 2154; x_wconf 82' lang='lat' dir='ltr'>somnum</span> <span class='ocrx_word' id='word_1_81' title='bbox 1048 2091 1137 2153; x_wconf 84' lang='lat' dir='ltr'>tuto</span> <span class='ocrx_word' id='word_1_82' title='bbox 1157 2073 1262 2152; x_wconf 75' lang='lat' dir='ltr'><strong>invi-</strong></span> 
     </span>
     <span class='ocr_line' id='line_1_13' title="bbox 210 2209 1261 2316; baseline -0.001 -23"><span class='ocrx_word' id='word_1_83' title='bbox 210 2209 307 2294; x_wconf 71' lang='lat' dir='ltr'>uri.</span> <span class='ocrx_word' id='word_1_84' title='bbox 366 2213 568 2310; x_wconf 53' lang='lat' dir='ltr'>Promea,</span> <span class='ocrx_word' id='word_1_85' title='bbox 596 2239 688 2290; x_wconf 91' lang='lat' dir='ltr'>meo</span> <span class='ocrx_word' id='word_1_86' title='bbox 697 2210 869 2316; x_wconf 89' lang='lat' dir='ltr'><strong>judici0,</strong></span> <span class='ocrx_word' id='word_1_87' title='bbox 896 2211 1039 2316; x_wconf 90' lang='lat' dir='ltr'>opium</span> <span class='ocrx_word' id='word_1_88' title='bbox 1059 2237 1144 2290; x_wconf 91' lang='lat' dir='ltr'>non</span> <span class='ocrx_word' id='word_1_89' title='bbox 1173 2233 1261 2292; x_wconf 90' lang='lat' dir='ltr'>tan-</span> 
     </span>
     <span class='ocr_line' id='line_1_14' title="bbox 218 2347 1260 2453; baseline 0 -25"><span class='ocrx_word' id='word_1_90' title='bbox 218 2349 437 2441; x_wconf 79' lang='lat' dir='ltr'>tummodo</span> <span class='ocrx_word' id='word_1_91' title='bbox 457 2347 684 2452; x_wconf 85' lang='lat' dir='ltr'>importuni</span> <span class='ocrx_word' id='word_1_92' title='bbox 712 2347 810 2426; x_wconf 85' lang='lat' dir='ltr'>mali</span> <span class='ocrx_word' id='word_1_93' title='bbox 836 2347 1069 2453; x_wconf 88' lang='lat' dir='ltr'>praesidium</span> <span class='ocrx_word' id='word_1_94' title='bbox 1089 2371 1160 2449; x_wconf 86' lang='lat' dir='ltr'>est,</span> <span class='ocrx_word' id='word_1_95' title='bbox 1191 2349 1260 2429; x_wconf 81' lang='lat' dir='ltr'>sed</span> 
     </span>
     <span class='ocr_line' id='line_1_15' title="bbox 217 2483 1257 2590; baseline 0.003 -26"><span class='ocrx_word' id='word_1_96' title='bbox 217 2486 400 2577; x_wconf 72' lang='lat' dir='ltr'>multum</span> <span class='ocrx_word' id='word_1_97' title='bbox 420 2483 577 2565; x_wconf 84' lang='lat' dir='ltr'>confert</span> <span class='ocrx_word' id='word_1_98' title='bbox 592 2485 642 2564; x_wconf 86' lang='lat' dir='ltr'>ad</span> <span class='ocrx_word' id='word_1_99' title='bbox 658 2486 793 2590; x_wconf 88' lang='lat' dir='ltr'>ipsum</span> <span class='ocrx_word' id='word_1_100' title='bbox 810 2485 1004 2586; x_wconf 84' lang='lat' dir='ltr'>morbum</span> <span class='ocrx_word' id='word_1_101' title='bbox 1019 2486 1257 2568; x_wconf 86' lang='lat' dir='ltr'>tollendum.</span> 
     </span>
     <span class='ocr_line' id='line_1_16' title="bbox 214 2619 1257 2726; baseline 0.005 -24"><span class='ocrx_word' id='word_1_102' title='bbox 214 2623 334 2704; x_wconf 85' lang='lat' dir='ltr'>Vires</span> <span class='ocrx_word' id='word_1_103' title='bbox 347 2645 484 2703; x_wconf 83' lang='lat' dir='ltr'>autem</span> <span class='ocrx_word' id='word_1_104' title='bbox 495 2621 579 2726; x_wconf 84' lang='lat' dir='ltr'>ejus</span> <span class='ocrx_word' id='word_1_105' title='bbox 593 2619 957 2701; x_wconf 83' lang='lat' dir='ltr'>antirrheumaticae</span> <span class='ocrx_word' id='word_1_106' title='bbox 971 2649 1066 2702; x_wconf 91' lang='lat' dir='ltr'>cum</span> <span class='ocrx_word' id='word_1_107' title='bbox 1080 2623 1122 2702; x_wconf 90' lang='lat' dir='ltr'>in</span> <span class='ocrx_word' id='word_1_108' title='bbox 1135 2625 1257 2708; x_wconf 85' lang='lat' dir='ltr'>sudo-</span> 
     </span>
    </p>

    <p class='ocr_par' dir='ltr' id='par_1_4' title="bbox 164 2758 1379 3262">
     <span class='ocr_line' id='line_1_17' title="bbox 164 2758 1260 2867; baseline 0.002 -27"><span class='ocrx_word' id='word_1_109' title='bbox 164 2795 171 2815; x_wconf 40' lang='lat' dir='ltr'><strong>x</strong></span> <span class='ocrx_word' id='word_1_110' title='bbox 218 2761 332 2841; x_wconf 89' lang='lat' dir='ltr'>ribus</span> <span class='ocrx_word' id='word_1_111' title='bbox 352 2759 555 2840; x_wconf 85' lang='lat' dir='ltr'><strong>eliciendis</strong></span> <span class='ocrx_word' id='word_1_112' title='bbox 576 2758 672 2864; x_wconf 91' lang='lat' dir='ltr'>poni</span> <span class='ocrx_word' id='word_1_113' title='bbox 693 2785 778 2838; x_wconf 89' lang='lat' dir='ltr'>non</span> <span class='ocrx_word' id='word_1_114' title='bbox 798 2758 1002 2858; x_wconf 77' lang='lat' dir='ltr'>videntur,</span> <span class='ocrx_word' id='word_1_115' title='bbox 1022 2787 1136 2867; x_wconf 81' lang='lat' dir='ltr'>aeque</span> <span class='ocrx_word' id='word_1_116' title='bbox 1154 2763 1260 2844; x_wconf 86' lang='lat' dir='ltr'>vale-</span> 
     </span>
     <span class='ocr_line' id='line_1_18' title="bbox 218 2895 1364 3001; baseline 0.002 -24"><span class='ocrx_word' id='word_1_117' title='bbox 218 2899 325 2977; x_wconf 89' lang='lat' dir='ltr'>bunt</span> <span class='ocrx_word' id='word_1_118' title='bbox 345 2897 394 2976; x_wconf 85' lang='lat' dir='ltr'>in¹</span> <span class='ocrx_word' id='word_1_119' title='bbox 419 2895 591 3001; x_wconf 76' lang='lat' dir='ltr'>simplici</span> <span class='ocrx_word' id='word_1_120' title='bbox 616 2895 926 2996; x_wconf 89' lang='lat' dir='ltr'>medicamento,</span> <span class='ocrx_word' id='word_1_121' title='bbox 954 2923 998 2978; x_wconf 89' lang='lat' dir='ltr'>ac</span> <span class='ocrx_word' id='word_1_122' title='bbox 1019 2897 1092 2978; x_wconf 90' lang='lat' dir='ltr'>ubi</span> <span class='ocrx_word' id='word_1_123' title='bbox 1112 2897 1156 2978; x_wconf 85' lang='lat' dir='ltr'>in</span> <span class='ocrx_word' id='word_1_124' title='bbox 1175 2901 1259 2979; x_wconf 89' lang='lat' dir='ltr'>Do-</span> <span class='ocrx_word' id='word_1_125' title='bbox 1350 2939 1364 2954; x_wconf 67' lang='lat'>=</span> 
     </span>
     <span class='ocr_line' id='line_1_19' title="bbox 218 3032 1379 3140; baseline 0.006 -28"><span class='ocrx_word' id='word_1_126' title='bbox 218 3033 303 3114; x_wconf 86' lang='lat' dir='ltr'>veri</span> <span class='ocrx_word' id='word_1_127' title='bbox 322 3033 485 3140; x_wconf 85' lang='lat' dir='ltr'>pulvere</span> <span class='ocrx_word' id='word_1_128' title='bbox 504 3032 733 3134; x_wconf 86' lang='lat' dir='ltr'>adhibetur,</span> <span class='ocrx_word' id='word_1_129' title='bbox 760 3033 823 3113; x_wconf 88' lang='lat' dir='ltr'>vel</span> <span class='ocrx_word' id='word_1_130' title='bbox 842 3033 1020 3114; x_wconf 83' lang='lat' dir='ltr'>mixtum</span> <span class='ocrx_word' id='word_1_131' title='bbox 1039 3061 1136 3126; x_wconf 85' lang='lat' dir='ltr'>cum</span> <span class='ocrx_word' id='word_1_132' title='bbox 1155 3038 1260 3118; x_wconf 79' lang='lat' dir='ltr'><strong>anti·</strong></span> <span class='ocrx_word' id='word_1_133' title='bbox 1376 3045 1379 3052; x_wconf 82' lang='lat'>&#39;</span> 
     </span>
     <span class='ocr_line' id='line_1_20' title="bbox 218 3171 915 3262; baseline 0.019 -13"><span class='ocrx_word' id='word_1_134' title='bbox 218 3171 476 3260; x_wconf 67' lang='lat' dir='ltr'>monialibuu</span> <span class='ocrx_word' id='word_1_135' title='bbox 913 3255 915 3262; x_wconf 12' lang='grc' dir='ltr'>χ</span> 
     </span>
    </p>

    <p class='ocr_par' dir='ltr' id='par_1_5' title="bbox 273 3305 1260 3426">
     <span class='ocr_line' id='line_1_21' title="bbox 273 3305 1260 3426; baseline 0.004 -40"><span class='ocrx_word' id='word_1_136' title='bbox 273 3308 441 3388; x_wconf 82' lang='lat' dir='ltr'>Dolores</span> <span class='ocrx_word' id='word_1_137' title='bbox 471 3333 664 3426; x_wconf 55' lang='lat' dir='ltr'>cogarum</span> <span class='ocrx_word' id='word_1_138' title='bbox 696 3335 798 3414; x_wconf 83' lang='lat' dir='ltr'>saepe</span> <span class='ocrx_word' id='word_1_139' title='bbox 826 3305 996 3389; x_wconf 89' lang='lat' dir='ltr'>initium</span> <span class='ocrx_word' id='word_1_140' title='bbox 1024 3306 1181 3390; x_wconf 87' lang='lat' dir='ltr'>habent</span> <span class='ocrx_word' id='word_1_141' title='bbox 1207 3307 1260 3390; x_wconf 90' lang='lat' dir='ltr'>ab</span> 
     </span>
    </p>

    <p class='ocr_par' dir='ltr' id='par_1_6' title="bbox 218 3441 1260 3544">
     <span class='ocr_line' id='line_1_22' title="bbox 218 3441 1260 3544; baseline -0.003 -21"><span class='ocrx_word' id='word_1_142' title='bbox 218 3441 553 3544; x_wconf 83' lang='lat' dir='ltr'>inflammatione,</span> <span class='ocrx_word' id='word_1_143' title='bbox 586 3466 657 3532; x_wconf 77' lang='lat' dir='ltr'>aut</span> <span class='ocrx_word' id='word_1_144' title='bbox 689 3443 981 3538; x_wconf 74' lang='lat' dir='ltr'>exulceratione</span> <span class='ocrx_word' id='word_1_145' title='bbox 1010 3445 1135 3526; x_wconf 87' lang='lat' dir='ltr'><strong>vicini</strong></span> <span class='ocrx_word' id='word_1_146' title='bbox 1165 3445 1260 3527; x_wconf 83' lang='lat' dir='ltr'>arti...</span> 
     </span>
    </p>

    <p class='ocr_par' dir='ltr' id='par_1_7' title="bbox 146 3579 1260 3812">
     <span class='ocr_line' id='line_1_23' title="bbox 146 3579 1260 3698; baseline 0.004 -39"><span class='ocrx_word' id='word_1_147' title='bbox 146 3601 159 3634; x_wconf 85' lang='lat'><strong><em>¹</em></strong></span> <span class='ocrx_word' id='word_1_148' title='bbox 218 3581 317 3698; x_wconf 82' lang='lat' dir='ltr'><strong>culi:</strong></span> <span class='ocrx_word' id='word_1_149' title='bbox 360 3581 473 3688; x_wconf 92' lang='lat' dir='ltr'>quod</span> <span class='ocrx_word' id='word_1_150' title='bbox 507 3579 657 3662; x_wconf 87' lang='lat' dir='ltr'>vitium</span> <span class='ocrx_word' id='word_1_151' title='bbox 695 3607 857 3687; x_wconf 82' lang='lat' dir='ltr'>prorsus</span> <span class='ocrx_word' id='word_1_152' title='bbox 895 3579 1103 3670; x_wconf 78' lang='lat' dir='ltr'>diversum</span> <span class='ocrx_word' id='word_1_153' title='bbox 1141 3604 1200 3674; x_wconf 80' lang='lat' dir='ltr'>eet</span> <span class='ocrx_word' id='word_1_154' title='bbox 1236 3609 1260 3672; x_wconf 82' lang='lat' dir='ltr'><strong>a</strong></span> 
     </span>
     <span class='ocr_line' id='line_1_24' title="bbox 219 3703 1145 3812; baseline 0 -14"><span class='ocrx_word' id='word_1_155' title='bbox 219 3715 556 3812; x_wconf 72' lang='lat' dir='ltr'>rheumatismo*.</span> <span class='ocrx_word' id='word_1_156' title='bbox 645 3747 656 3765; x_wconf 82' lang='lat'><strong><em>‘</em></strong></span> <span class='ocrx_word' id='word_1_157' title='bbox 1138 3703 1145 3720; x_wconf 79' lang='grc'><strong>’</strong></span> 
     </span>
    </p>
   </div>
   <div class='ocr_carea' id='block_1_3' title="bbox 567 3901 954 4010">
    <p class='ocr_par' dir='ltr' id='par_1_8' title="bbox 567 3901 954 4010">
     <span class='ocr_line' id='line_1_25' title="bbox 567 3901 954 4010; baseline -0.005 -22"><span class='ocrx_word' id='word_1_158' title='bbox 567 3927 773 4010; x_wconf 72' lang='lat' dir='ltr'>*Videsupra</span> <span class='ocrx_word' id='word_1_159' title='bbox 788 3934 852 4006; x_wconf 69' lang='lat' dir='ltr'>cap,</span> <span class='ocrx_word' id='word_1_160' title='bbox 866 3930 915 3987; x_wconf 76' lang='lat'>21.</span> <span class='ocrx_word' id='word_1_161' title='bbox 950 3901 954 3910; x_wconf 29' lang='grc' dir='ltr'>ι</span> 
     </span>
    </p>
   </div>
   <div class='ocr_carea' id='block_1_4' title="bbox 0 0 1530 5084">
    <p class='ocr_par' dir='ltr' id='par_1_9' title="bbox 0 0 1530 5084">
     <span class='ocr_line' id='line_1_26' title="bbox 0 0 1530 5084; baseline 0 0"><span class='ocrx_word' id='word_1_162' title='bbox 0 0 1530 5084; x_wconf 95' lang='lat' dir='ltr'> </span> 
     </span>
    </p>
   </div>
  </div>
 </body>
</html>
