3050 5084
181 745 242 808 ter
251 723 507 833 vertiginem,
516 721 706 806 credibile
717 723 793 806 erit
804 721 1001 804 morbum
1012 721 1227 809 uentriculi

181 863 366 970 primum
382 861 520 963 fuisse,
536 881 577 943 et
589 859 829 968 vertiginem
847 860 1073 944 secundum
1091 863 1230 946 locum

182 999 377 1082 obtinere.

236 1135 404 1218 Dolores
424 1133 564 1242 capitis
583 1155 748 1234 atroces,
766 1131 953 1236 surditas,
980 1163 1094 1218 aures
1114 1136 1227 1222 intus

180 1293 382 1374 sonantes,
426 1295 567 1354 rerum
618 1269 810 1352 omnium
845 1291 938 1354 ante
975 1273 1112 1356 oculor
1150 1273 1230 1356 du·

179 1391 356 1514 plicatio,
407 1407 602 1490 caecitates
636 1406 793 1506 breves,
823 1405 1029 1512 caligines,
1056 1413 1228 1494 maculae

180 1541 324 1652 nigra,
350 1545 415 1626 vel
433 1541 656 1626 flammula
675 1563 875 1622 versantes
895 1543 950 1624 ob
968 1545 1120 1647 oculos',
1138 1574 1231 1630 cur·

180 1708 249 1762 sus
266 1679 474 1788 sanguinis
489 1678 734 1780 exnaribus,
757 1677 1231 1788 malahypocbondriaca

177 1839 222 1900 et
237 1817 452 1927 hysterica,
479 1816 601 1898 minae
626 1817 690 1898 vel
721 1815 960 1898 accessiones
991 1819 1230 1930 paralyseos,

180 1953 332 2066 spasmi
350 1975 392 2036 et
415 1979 638 2036 nervorum
667 1951 942 2052 distentiones,
970 1977 1067 2036 sunt
1099 1957 1230 2039 mani-

178 2091 283 2174 festa
300 2091 440 2198 capitis
459 2089 677 2172 laborantis
707 2087 851 2196 sigua;
879 2111 921 2171 et
937 2090 1012 2172 ubi
1031 2095 1230 2178 nonnulla

178 2253 229 2308 ex
247 2225 326 2328 his,
357 2249 406 2308 ut
438 2253 539 2334 saepe
553 2225 620 2326 fit,
647 2253 745 2307 curn
770 2224 967 2332 uertigine
992 2251 1230 2334 nascuntur,

174 2365 252 2446 -vix
269 2363 448 2446 dubium
467 2362 543 2446 erit
562 2363 666 2472 quin
684 2361 855 2444 morbus
875 2361 921 2442 in
940 2361 1104 2447 cerebro
1127 2369 1228 2452 situs

179 2501 244 2584 sit.

234 2639 407 2746 Vertigo
436 2637 562 2720 modo
593 2637 676 2720 fuit
694 2665 790 2720 cum
810 2637 1016 2745 languore,
1042 2643 1229 2726 tremori·

176 2775 272 2878 bus,
299 2776 447 2858 animae
467 2773 779 2876 defectionibus,
807 2799 847 2860 et
871 2776 1226 2884 palpitationibuss

177 2911 310 2994 modo*
328 2911 559 3020 supervenit
576 2911 782 2993 artluitidi
811 2933 990 3030 vetustae,
1017 2913 1151 3022 longis
1167 2915 1229 3001 fe·

176 3047 325 3132 bribtts
356 3047 733 3148 intermittentibus,
769 3047 961 3130 asthmati
986 3049 1225 3158 inveterato,

177 3181 489 3292 profusionibus
509 3183 731 3291 sanguinis,
758 3203 829 3266 aut
842 3183 936 3285 alvi,
953 3205 993 3267 et
1011 3185 1096 3268 aliis
1115 3213 1227 3272 mor·

108 3429 113 3436 .
176 3319 245 3402 bis
259 3321 492 3424 diuturnis;
510 3347 613 3430 saepe
625 3322 748 3404 etiam
767 3343 921 3428 reperta
934 3343 994 3404 est
1011 3323 1056 3403 in
1074 3351 1227 3434 magno

176 3457 250 3539 illo
269 3460 473 3540 malorum
492 3485 707 3559 concursu,
736 3485 827 3566 quae
847 3458 1044 3542 accedunt
1073 3463 1226 3546 valetu·
1335 3557 1338 3562 ,

175 3593 270 3676 dini
296 3595 552 3702 perturbatae,
584 3622 655 3676 seu
674 3591 746 3676 fiat
763 3622 788 3674 a
805 3595 1036 3697 menstruis,
1064 3598 1127 3678 vel
1143 3596 1226 3682 ha·

93 3793 96 3800 .
176 3729 486 3814 morrbo'idibus
506 3731 739 3840 suppressis,
758 3731 841 3811 sive
856 3729 908 3812 ab
926 3729 1099 3815 humore
1117 3735 1225 3819 ulce-

176 3893 279 3950 rum
297 3889 338 3950 et
350 3867 548 3951 vitiorum
561 3867 665 3950 cutis
690 3867 802 3948 intus
817 3891 945 3965 verso,
963 3893 1033 3948 seu
1047 3868 1225 3978 denique

179 4003 506 4112 intemperantia,
533 4003 704 4103 morbis,
734 4023 805 4084 aut
834 4023 1034 4084 senectute
1063 4006 1223 4112 penitus

178 4143 449 4248 conquassata
466 4139 530 4222 sit.
580 4139 822 4253 Quinetiam
840 4137 996 4244 vertigo
1014 4137 1225 4223 interdum
1287 4123 1292 4136 ’

182 4275 268 4357 sola
285 4277 430 4358 incidit
448 4275 540 4372 sine¹
552 4274 765 4388 quibusvis
779 4275 864 4358 aliis
879 4274 1052 4358 adversa
1072 4279 1224 4362 valetu-

177 4407 289 4497 dinis
308 4411 445 4525 signis.

1488 3844 1497 4061 Ι

1471 4092 1495 4299 r
