3016 5076
316 643 520 742 Foeminas
546 665 682 738 autem
701 663 796 736 non'
807 651 933 736 modo
944 649 1122 752 ‘adultnn
1133 659 1138 668 '
1150 651 1219 736 sed
1236 651 1356 736 eriam

316 794 469 876 vetulus
481 819 567 872 non
582 819 742 898 paucas,
760 790 1083 874 eademtentatas
1095 789 1256 888 curavi3
1276 817 1357 897 quo
1440 773 1452 802 ’

318 955 455 1014 tamen
475 951 587 1010 aetate
606 927 762 1012 fuerint
780 927 1062 1034 proventiam,
1079 955 1126 1008 eo
1142 927 1357 1010 securiores
1484 943 1485 990 Γ

320 1090 441 1150 erunt
460 1068 510 1150 ab
531 1067 609 1147 hoc
620 1066 747 1148 malo.
1204 1041 1207 1048 ’
1386 1061 1390 1064 ’

377 1203 577 1315 Nondum
596 1201 689 1284 satis
702 1279 706 1286 ,
718 1201 972 1307 exploratum
988 1201 1134 1303 habeo,
1162 1201 1362 1309 quamdiu

322 1367 460 1424 semen
478 1339 600 1447 hujus
620 1337 784 1420 affectus
803 1338 848 1418 in
867 1353 1034 1446 corpore
1048 1338 1266 1441 delitescat,
1283 1339 1363 1448 pri·

323 1505 500 1586 usquam
528 1476 719 1558 accendat
749 1475 920 1576 febrem,
950 1497 990 1558 et
1019 1475 1096 1556 alia
1117 1476 1203 1557 sui'
1216 1476 1365 1558 indicia
1484 1555 1485 1560 i

324 1615 486 1724 prodat:
516 1613 688 1695 memini
713 1635 850 1694 tamen
876 1640 1017 1694 sanam
1042 1613 1220 1719 puellam
1240 1641 1365 1696 acces-

326 1754 420 1836 sisse
448 1751 500 1832 ad
520 1779 695 1858 puerum
715 1749 800 1830 ,hoc'
820 1749 967 1833 morbo
995 1748 1258 1856 implicitum,
1277 1777 1365 1858 quae

328 1891 475 1998 quinto
490 1893 580 1995 post
592 1887 657 1968 die
672 1886 797 1992 coepit
807 1886 895 1992 ipsa
909 1908 1117 1990 aegrotare3
1145 1909 1186 1970 et
1197 1872 1286 1969 fieri
1297 1915 1365 1995 po·

328 2048 405 2108 test
416 2063 421 2074 ¹
434 2047 482 2106 ut
500 2025 611 2106 idem
638 2024 796 2130 ubique
815 2022 993 2129 spatium
1018 2022 1248 2106 intercedat
1267 2025 1369 2105 inter

329 2161 613 2268 contagionem
624 2183 664 2242 et
677 2159 801 2242 febris
811 2158 997 2248 initium.
1054 2155 1164 2240 Nam
1181 2159 1228 2240 in
1243 2161 1371 2242 vario·

331 2289 379 2380 lis
408 2297 600 2380 nouimus
625 2318 776 2380 certam
801 2293 931 2402 hujus,
954 2295 1153 2378 intervalli
1180 2293 1311 2404 legem
1328 2295 1371 2378 in

331 2433 525 2514 omnibus
544 2431 627 2514 fere
646 2432 803 2540 aegrotis
823 2431 983 2516 servari.
1045 2525 1047 2528 ,

390 2570 515 2670 In'iis‚
529 2570 604 2678 qui
616 2570 694 2652 hoc
706 2571 855 2653 morbo
869 2568 1038 2676 perituri
1050 2590 1160 2669 sunt,
1176 2565 1267 2651 fieri
1278 2571 1373 2652 solet

333 2709 439 2790 circa
467 2708 662 2816 quintum
690 2708 754 2790 vel
782 2729 943 2790 sextum
971 2705 1095 2806 diem,
1123 2719 1281 2814 torpor,'
1300 2725 1374 2788 ¹aut

319 2845 514 2952 'spirandi
529 2843 757 2944 difficultas,
771 2867 811 2928 et
829 2871 926 2926 cum
944 2842 1020 2928 hac
1032 2842 1242 2928 interdum
1261 2865 1376 2951 sputi

334 3003 526 3082 cruenta,v
540 2983 632 3064 licet
658 2983 870 3089 pulmones
895 3001 1011 3065 antea
1039 2979 1188 3085 integri
1211 2977 1375 3064 fuerint

336 3119 554 3200 Nonnullis
575 3119 757 3226 quidem,
772 3118 845 3200 sed
862 3116 1085 3224 perpaucis,
1107 3114 1280 3224 contigit
1297 3143 1377 3202 esse

336 3227 423 3334 nnn
436 3253 680 3354 infelicibus,
697 3276 746 3336 ut
763 3253 888 3361 signis
908 3253 1139 3361 periculosis
1152 3251 1377 3360 omnigenis

338 3391 496 3497 fatigati
512 3392 622 3474 intra
635 3391 823 3474 triduum
842 3391 1123 3474 succumbant.

387 3527 476 3641 Qui
487 3557 535 3609 ex
546 3529 623 3612 hoc
635 3530 782 3611 morbo
793 3530 1091 3629 convalescunt,
1103 3527 1165 3629 iis,
1175 3525 1289 3610 febre
1293 3527 1379 3634 jam

339 3664 531 3746 inclinata
553 3687 593 3747 et
615 3693 717 3774 pene
736 3665 855 3768 victa,
882 3663 1088 3772 glandulae
1109 3664 1188 3745 sub
1216 3662 1380 3744 auribus

339 3827 642 3914 nonnunquam
668 3825 843 3901 tument,
870 3823 911 3884 et
939 3828 1027 3882 non
1053 3800 1193 3882 leviter
1220 3799 1381 3895 dolent;

323 3938 548 4044 ,interdum
568 3961 735 4046 quoque
752 3939 798 4020 in
817 3967 892 4046 pus
912 3939 1076 4022 abeunt.
1134 3939 1278 4045 Neque
1289 3957 1381 4024 vero

339 4076 512 4160 testiculi
542 4103 699 4184 semper
727 4077 898 4160 fuerunt
925 4076 1044 4158 liberi
1073 4103 1097 4156 a
1125 4073 1356 4156 tumoribus
1366 4099 1380 4169 ς

339 4236 531 4320 artusque
549 4214 704 4296 diutius
726 4215 857 4296 vexati
876 4235 974 4296 sunt
992 4211 1219 4311 doloribus,
1247 4207 1381 4322 quales

340 4373 437 4434 sunt
457 4319 818 4454 rheumatismum,
836 4371 876 4434 et
896 4379 1004 4458 aqua
1018 4349 1125 4434 inter
1143 4370 1290 4432 cutem.
1368 4389 1376 4462 2
