3104 5084
654 456 754 552 333

185 663 349 750 effectus
381 664 428 744 in
459 661 626 744 diversis
655 661 894 744 hominibus
920 663 1045 746 edere.
1096 665 1228 750 Aiunt

186 803 333 885 vinum
352 801 495 882 album
507 799 679 906 plumbo
697 799 840 906 saepius
853 799 1001 901 vitiari,
1020 829 1146 910 quam
1158 831 1228 886 ru-

187 939 329 1038 brum;
345 935 816 1044 etproindeejuspotores
826 939 1132 1042 opportuniores
1144 969 1227 1022 esse

188 1071 285 1154 huic
299 1075 452 1172 colicae;
466 1071 578 1178 quod
586 1071 725 1176 ipsein
741 1071 988 1178 quibusdam
1008 1073 1122 1180 aegris
1141 1103 1228 1156 sus-

187 1205 430 1314 picatusfui:
447 1205 713 1304 horumcerte
725 1235 832 1288 unus
844 1208 1110 1290 tumdemum
1119 1237 1228 1292 mor-

188 1345 245 1426 bo
262 1373 337 1426 suo
348 1343 538 1426 liberatus
551 1367 623 1444 est,
641 1372 739 1425 cum
753 1344 899 1426 vinum
914 1345 1056 1426 album
1070 1347 1228 1456 Ulyssi-

189 1507 368 1588 ponente
387 1479 527 1563 bibere
545 1479 725 1562 desierat.

243 1620 420 1698 Acutam
450 1617 582 1698 colicae
612 1619 785 1724 speciem
803 1645 1024 1726 nunquam
1043 1619 1147 1702 mihi
1166 1620 1227 1702 vi-

188 1755 281 1836 dere
295 1753 480 1860 contigit,
499 1754 696 1836 nisiinter
712 1755 895 1861 pictores,
913 1776 952 1836 et
964 1755 1228 1862 plumbarios,

188 1917 311 2002 atque
320 1895 418 1976 alios
437 1893 622 1997 artifices,
638 1895 712 2004 qui
726 1896 912 2002 plumbo,
931 1897 993 1976 vel
1008 1894 1092 2002 ejus
1107 1895 1228 1978 fumo

188 2031 335 2142 objecti
352 2032 526 2115 fuerant.

192 2221 197 2228 -
245 2169 294 2248 ln
322 2169 443 2276 longa
471 2169 598 2276 specie
617 2169 838 2276 plumbum
856 2191 1006 2250 secreto
1024 2168 1166 2252 itinere
1185 2171 1230 2254 in

190 2306 462 2388 ventriculum
475 2335 515 2386 se
529 2305 731 2386 insinuat:
753 2306 864 2412 quod
880 2305 1048 2412 quidem
1058 2329 1117 2388 est
1128 2309 1231 2390 cala·

189 2444 400 2544 mitorum,
427 2465 467 2524 et
499 2441 595 2524 facit
614 2469 833 2543 summam,
860 2464 900 2526 et
918 2471 1019 2549 saepe
1037 2443 1233 2526 inelucta-

188 2581 315 2662 bilem
345 2575 624 2660 difficultatem
657 2578 731 2660 hos
756 2605 882 2684 aegros
902 2579 1080 2660 sanandi.
1140 2579 1230 2693 Qui

189 2717 302 2796 enim
334 2743 407 2796 nec
440 2715 586 2814 sciunt,
614 2743 687 2796 nec
714 2715 981 2821 suspicantur,
1008 2743 1093 2822 quo
1112 2739 1231 2822 pacto

190 2851 275 2934 haec
303 2851 423 2960 pestis
443 2853 487 2930 in
506 2851 656 2932 viscera
675 2851 875 2952 illabatur,
902 2851 1073 2958 ideoque
1091 2851 1143 2942 ab
1160 2852 1232 2934 illa
1272 2861 1277 2872 '

190 3015 328 3068 cavere
342 3015 426 3067 non
439 3009 621 3094 possunt,
634 3015 714 3088 eos,
728 2985 900 3068 nisifors
914 2987 1099 3094 quadam
1107 2987 1231 3070 inter-

190 3123 305 3206 cedat
324 3151 407 3232 quo
427 3125 564 3234 minus
585 3152 703 3206 causa
718 3124 813 3204 mali
828 3123 984 3204 assidue
1003 3145 1232 3226 renovetur,

190 3263 391 3361 nullaesa,
408 3283 447 3342 et
468 3287 589 3342 nemo
609 3261 788 3350 medicus
801 3260 844 3340 in
859 3260 1071 3366 pristinam
1085 3261 1231 3344 sanita·

26 3494 31 3510 ·
191 3419 274 3480 tem
288 3397 493 3480 restituere
509 3397 664 3505 poterit.
722 3399 817 3478 Non
836 3419 893 3486 est
912 3397 1048 3504 itaque
1063 3398 1231 3510 mirum,

191 3535 306 3641 quod
324 3533 509 3616 homines
524 3563 572 3616 ex
586 3533 663 3616 hoc
682 3561 777 3615 casu
795 3533 1034 3640 plerumque
1053 3534 1231 3619 morian-

190 3691 271 3754 tur.
300 3671 410 3754 Inter
422 3671 498 3770 alia
511 3671 797 3754 intestinorum
812 3671 917 3752 mala
932 3671 1083 3778 quibus
1098 3669 1232 3758 infan-

191 3829 249 3892 tes
269 3805 567 3908 conflictantur,
586 3807 709 3888 colica
727 3807 940 3890 Pictonum
958 3805 1127 3892 forsitan
1146 3831 1232 3887 uon

140 4018 145 4027 .
191 3943 389 4026 ultimum
419 3945 556 4027 locum
586 3966 720 4044 tenet;
750 3971 876 4050 quam
909 3921 1056 4030 scilicet
1074 3965 1232 4024 contra·

191 4079 325 4188 hunc,
339 4082 443 4194 dum
466 4080 686 4188 crepundia
705 4107 789 4180 sua,
817 4079 960 4184 minio,
987 4101 1058 4162 aut
1075 4077 1234 4164 cerussa

190 4215 339 4318 fucata,
366 4218 442 4322 ori,
469 4239 516 4302 ut
535 4215 594 4317 fit,
623 4215 975 4332 sape-admoventi
999 4237 1038 4298 et
1057 4215 1232 4326 linguon
1333 4301 1337 4312 ,
