3016 5076
789 491 824 597 6

285 713 398 796 fama
423 731 563 822 postea
582 739 664 793 usu
693 709 957 818 comprobata
985 730 1055 791 est
1114 711 1211 794 Non
1240 737 1334 794 sum

287 850 445 934 nescius
465 869 621 959 quanto
641 847 777 930 studio
796 846 1006 930 decantata
1023 845 1194 929 suerum
1206 845 1335 930 borax

286 987 341 1070 ad
354 987 540 1096 aphthas,
552 985 686 1094 pulvis
701 982 979 1068 Portlandicus
997 983 1051 1066 ad
1064 983 1336 1086 arthritidem,

287 1126 398 1208 scilla
426 1147 466 1208 et
484 1123 650 1232 gummi
667 1119 815 1206 foetida
842 1121 895 1204 sd
922 1121 1095 1223 asthma,
1122 1149 1231 1232 aqua
1253 1123 1335 1206 kali

236 1237 238 1242 ¹
287 1263 383 1374 puri
402 1261 455 1346 ad
473 1261 678 1347 calculum
696 1260 840 1363 urinae,
865 1258 997 1345 cicuta
1011 1257 1063 1342 ad
1090 1255 1336 1362 carcinoma,

287 1397 559 1486 electrificatio
578 1397 631 1480 ad
648 1397 881 1498 caecitatem,
908 1395 1187 1480 antimonium
1205 1398 1259 1480 ad
1276 1397 1337 1482 fe-

287 1536 381 1624 bres
414 1536 643 1638 continuas,
674 1562 833 1620 cerussa
868 1555 1020 1618 acetata
1044 1533 1097 1617 ad
1126 1535 1349 1642 sanguinis-

286 1673 584 1786 profusionem,
596 1693 637 1758 et
650 1673 850 1758 nonnulla
866 1671 1039 1757 forsitan
1053 1673 1130 1754 alia
1143 1673 1337 1758 adversus

287 1813 385 1896 alios
404 1812 584 1898 morbos.
641 1811 704 1894 Ex
732 1835 914 1920 quorum
940 1811 1338 1896 medicamentorum

287 1949 509 2034 numerosi
523 1945 818 2056 exemerisquae
833 1947 897 2030 rel
911 1947 1042 2030 nullas
1053 1946 1339 2052 habentvires,

159 2073 162 2080 ¹
287 2087 354 2170 vel
380 2085 560 2194 exiguas,
586 2085 652 2166 vel
678 2082 965 2186 inconstantes,
988 2085 1053 2168 vel
1080 2084 1204 2168 etiam
1231 2085 1349 2195 peri-¹

287 2223 458 2325 culosas,
485 2219 555 2306 vix
571 2248 708 2304 unum
724 2241 765 2307 et
785 2221 959 2310 alterum
977 2222 1165 2308 relictum
1185 2221 1239 2305 iri
1254 2251 1339 2308 cre·

287 2359 476 2446 diderim.

345 2498 449 2582 Fieri
463 2519 601 2580 tamen
614 2517 759 2606 potest,
776 2518 824 2579 ut
837 2522 1019 2606 quorum
1032 2494 1241 2582 facultates
1257 2499 1337 2582 du·

29 2683 33 2690 -
163 2689 168 2703 ·
238 2723 241 2737 ,
288 2637 370 2756 biae
386 2658 498 2738 sunt,
516 2657 588 2718 aut
604 2635 892 2737 inconstantes,
910 2635 1114 2738 eavmodo
1132 2657 1223 2720 tuta
1240 2639 1338 2742 sint,
1413 2703 1416 2710 ,

289 2774 473 2862 medicus
488 2772 699 2856 interdum
715 2799 804 2854 non
820 2773 976 2856 invitus
996 2774 1234 2882 experiatur.

346 2917 385 2996 3.
415 2913 531 2994 Tum
556 2939 658 3022 eaepe
676 2910 896 3013 vomitum,
924 2933 995 2994 aut
1027 2911 1169 2996 alvum
1186 2913 1339 3016 fusam,

290 3071 363 3134 sut
380 3049 578 3152 dolorem,
605 3049 740 3134 stalis
768 3049 884 3158 signa
902 3050 1081 3154 adversa,
1108 3051 1184 3134 nbi
1209 3052 1338 3166 majo-

292 3213 382 3272 rem
399 3187 445 3268 in
462 3186 639 3268 modum
657 3213 784 3294 agros
804 3209 1003 3290 exercent,
1030 3187 1220 3272 remediis
1247 3189 1339 3272 ido-

289 3323 376 3408 neis
395 3323 520 3406 lenire
539 3323 753 3432 oportebit
815 3325 956 3438 Quem
974 3322 1174 3410 adfinem
1192 3325 1338 3435 opium
1427 3351 1432 3372 ·

289 3437 567 3572 saepenumero
582 3461 789 3570 optimum
802 3461 1003 3545 auxilium
1022 3485 1091 3548 est.

344 3602 384 3682 4.
419 3599 548 3701 Tum,
564 3598 610 3683 in
641 3599 798 3682 morbis
831 3600 977 3708 longis,
1014 3601 1089 3710 qui
1106 3601 1182 3683 diu
1209 3623 1339 3686 maxe-

289 3757 402 3839 runt,
419 3735 630 3820 interdum
643 3763 732 3818 non
749 3737 877 3821 abere
893 3739 972 3822 erit
985 3738 1206 3846 confugere
1220 3739 1274 3822 sd
1290 3767 1339 3822 ea

289 3901 383 3984 quae
403 3872 491 3954 vim
509 3871 663 3957 habent
681 3901 827 3982 corpus
843 3875 1103 3960 vehementer
1117 3873 1337 3978 afficiendi3

288 4011 323 4094 si
340 4011 447 4098 forte
463 4001 537 4120 per
554 4009 633 4098 hoc
645 4013 776 4094 malus
789 4013 875 4122 ejus
890 4011 1056 4096 habitus
1070 4013 1116 4094 in
1135 4014 1338 4096 saniorem

287 4149 441 4233 mutari
460 4150 597 4258 possit.
656 4150 796 4258 Hujus
815 4149 973 4258 generis
1000 4173 1098 4233 sunt
1120 4175 1369 4259 argentum·

287 4289 447 4390 rivum,
465 4287 758 4396 antimonium,
777 4289 922 4392 cicuta,
940 4288 1224 4373 electrificatio.

342 4427 381 4512 5.
412 4427 632 4530 Postremo,
657 4423 734 4509 ubi
752 4427 890 4512 nullus
918 4427 1121 4538 praedictis
1139 4427 1253 4514 locus
1270 4423 1338 4508 fu-

665 4755 676 4796 l
