<?xml version="1.0" encoding="UTF-8"?>
<!DOCTYPE html PUBLIC "-//W3C//DTD XHTML 1.0 Transitional//EN"
    "http://www.w3.org/TR/xhtml1/DTD/xhtml1-transitional.dtd">
<html xmlns="http://www.w3.org/1999/xhtml" xml:lang="en" lang="en">
 <head>
  <title>
</title>
<meta http-equiv="Content-Type" content="text/html;charset=utf-8" />
  <meta name='ocr-system' content='tesseract 3.04.00' />
  <meta name='ocr-capabilities' content='ocr_page ocr_carea ocr_par ocr_line ocrx_word'/>
</head>
<body>
  <div class='ocr_page' id='page_1' title='image "./commentariidemo00hebegoog_0316.png"; bbox 0 0 3104 5084; ppageno 0'>
   <div class='ocr_carea' id='block_1_1' title="bbox 152 654 1301 2547">
    <p class='ocr_par' dir='ltr' id='par_1_1' title="bbox 152 654 1301 2547">
     <span class='ocr_line' id='line_1_1' title="bbox 238 654 1287 764; baseline 0.004 -26"><span class='ocrx_word' id='word_1_1' title='bbox 238 675 414 764; x_wconf 66' lang='lat' dir='ltr'>,quoque</span> <span class='ocrx_word' id='word_1_2' title='bbox 432 654 563 738; x_wconf 85' lang='lat' dir='ltr'>multa</span> <span class='ocrx_word' id='word_1_3' title='bbox 581 679 735 738; x_wconf 86' lang='lat' dir='ltr'>venena</span> <span class='ocrx_word' id='word_1_4' title='bbox 763 680 988 740; x_wconf 87' lang='lat' dir='ltr'>nervorum</span> <span class='ocrx_word' id='word_1_5' title='bbox 1006 654 1109 742; x_wconf 82' lang='lat' dir='ltr'>vites</span> <span class='ocrx_word' id='word_1_6' title='bbox 1129 671 1287 764; x_wconf 83' lang='lat' dir='ltr'>pertut-</span> 
     </span>
     <span class='ocr_line' id='line_1_2' title="bbox 242 792 1287 904; baseline 0.005 -30"><span class='ocrx_word' id='word_1_7' title='bbox 242 792 357 894; x_wconf 86' lang='lat' dir='ltr'>bant,</span> <span class='ocrx_word' id='word_1_8' title='bbox 372 816 443 876; x_wconf 87' lang='lat' dir='ltr'>aut</span> <span class='ocrx_word' id='word_1_9' title='bbox 458 793 633 894; x_wconf 79' lang='lat' dir='ltr'>abolent,</span> <span class='ocrx_word' id='word_1_10' title='bbox 653 795 797 877; x_wconf 90' lang='lat' dir='ltr'>eodem</span> <span class='ocrx_word' id='word_1_11' title='bbox 810 821 975 902; x_wconf 84' lang='lat' dir='ltr'>prorsus</span> <span class='ocrx_word' id='word_1_12' title='bbox 990 795 1115 878; x_wconf 89' lang='lat' dir='ltr'>modo</span> <span class='ocrx_word' id='word_1_13' title='bbox 1130 823 1176 878; x_wconf 83' lang='lat' dir='ltr'>ac</span> <span class='ocrx_word' id='word_1_14' title='bbox 1191 824 1287 904; x_wconf 85' lang='lat' dir='ltr'>apo-</span> 
     </span>
     <span class='ocr_line' id='line_1_3' title="bbox 242 929 1287 1040; baseline 0.004 -30"><span class='ocrx_word' id='word_1_15' title='bbox 242 929 397 1036; x_wconf 78' lang='lat' dir='ltr'>plexia3</span> <span class='ocrx_word' id='word_1_16' title='bbox 438 956 620 1037; x_wconf 91' lang='lat' dir='ltr'>quorum</span> <span class='ocrx_word' id='word_1_17' title='bbox 656 939 794 1012; x_wconf 84' lang='lat' dir='ltr'>tamen</span> <span class='ocrx_word' id='word_1_18' title='bbox 830 929 994 1016; x_wconf 89' lang='lat' dir='ltr'>effectus</span> <span class='ocrx_word' id='word_1_19' title='bbox 1028 961 1051 1014; x_wconf 87' lang='lat' dir='ltr'>a</span> <span class='ocrx_word' id='word_1_20' title='bbox 1080 932 1287 1040; x_wconf 77' lang='lat' dir='ltr'>sanguine</span> 
     </span>
     <span class='ocr_line' id='line_1_4' title="bbox 212 1065 1284 1178; baseline 0.006 -32"><span class='ocrx_word' id='word_1_21' title='bbox 212 1109 221 1122; x_wconf 89' lang='lat'>··</span> <span class='ocrx_word' id='word_1_22' title='bbox 243 1067 457 1150; x_wconf 84' lang='lat' dir='ltr'>cerebrum</span> <span class='ocrx_word' id='word_1_23' title='bbox 476 1065 770 1174; x_wconf 84' lang='lat' dir='ltr'><strong>comprimente</strong></span> <span class='ocrx_word' id='word_1_24' title='bbox 795 1065 994 1174; x_wconf 85' lang='lat' dir='ltr'>proficisci</span> <span class='ocrx_word' id='word_1_25' title='bbox 1012 1067 1284 1178; x_wconf 81' lang='lat' dir='ltr'>vixpossunt.</span> 
     </span>
     <span class='ocr_line' id='line_1_5' title="bbox 242 1201 1285 1310; baseline 0.009 -26"><span class='ocrx_word' id='word_1_26' title='bbox 242 1201 375 1286; x_wconf 87' lang='lat' dir='ltr'>Potest</span> <span class='ocrx_word' id='word_1_27' title='bbox 401 1203 570 1310; x_wconf 86' lang='lat' dir='ltr'>quidem</span> <span class='ocrx_word' id='word_1_28' title='bbox 589 1203 796 1310; x_wconf 80' lang='lat' dir='ltr'>apoplexia</span> <span class='ocrx_word' id='word_1_29' title='bbox 814 1203 1024 1286; x_wconf 90' lang='lat' dir='ltr'>interdum</span> <span class='ocrx_word' id='word_1_30' title='bbox 1047 1201 1135 1290; x_wconf 87' lang='lat' dir='ltr'>fieri</span> <span class='ocrx_word' id='word_1_31' title='bbox 1154 1233 1202 1288; x_wconf 83' lang='lat' dir='ltr'>ex</span> <span class='ocrx_word' id='word_1_32' title='bbox 1221 1233 1285 1293; x_wconf 82' lang='lat' dir='ltr'>ar·</span> 
     </span>
     <span class='ocr_line' id='line_1_6' title="bbox 242 1341 1285 1450; baseline 0 -24"><span class='ocrx_word' id='word_1_33' title='bbox 242 1341 342 1426; x_wconf 82' lang='lat' dir='ltr'>teria</span> <span class='ocrx_word' id='word_1_34' title='bbox 366 1363 437 1426; x_wconf 86' lang='lat' dir='ltr'>aut</span> <span class='ocrx_word' id='word_1_35' title='bbox 454 1368 558 1432; x_wconf 77' lang='lat' dir='ltr'>¹vena</span> <span class='ocrx_word' id='word_1_36' title='bbox 582 1341 628 1422; x_wconf 92' lang='lat' dir='ltr'>in</span> <span class='ocrx_word' id='word_1_37' title='bbox 657 1341 819 1424; x_wconf 85' lang='lat' dir='ltr'>cerebro</span> <span class='ocrx_word' id='word_1_38' title='bbox 849 1364 995 1450; x_wconf 78' lang='lat' dir='ltr'>rupta3</span> <span class='ocrx_word' id='word_1_39' title='bbox 1023 1369 1168 1424; x_wconf 88' lang='lat' dir='ltr'>verum</span> <span class='ocrx_word' id='word_1_40' title='bbox 1197 1370 1285 1426; x_wconf 91' lang='lat' dir='ltr'>non</span> 
     </span>
     <span class='ocr_line' id='line_1_7' title="bbox 231 1475 1285 1586; baseline 0.008 -32"><span class='ocrx_word' id='word_1_41' title='bbox 231 1477 361 1560; x_wconf 76' lang='lat' dir='ltr'>rideo</span> <span class='ocrx_word' id='word_1_42' title='bbox 381 1478 455 1586; x_wconf 91' lang='lat' dir='ltr'>qui</span> <span class='ocrx_word' id='word_1_43' title='bbox 474 1475 562 1560; x_wconf 87' lang='lat' dir='ltr'>fieri</span> <span class='ocrx_word' id='word_1_44' title='bbox 576 1477 702 1584; x_wconf 85' lang='lat' dir='ltr'>possit</span> <span class='ocrx_word' id='word_1_45' title='bbox 719 1497 768 1560; x_wconf 88' lang='lat' dir='ltr'>ut</span> <span class='ocrx_word' id='word_1_46' title='bbox 785 1475 912 1558; x_wconf 85' lang='lat' dir='ltr'>homo</span> <span class='ocrx_word' id='word_1_47' title='bbox 924 1505 973 1559; x_wconf 84' lang='lat' dir='ltr'>ex</span> <span class='ocrx_word' id='word_1_48' title='bbox 991 1477 1179 1568; x_wconf 81' lang='lat' dir='ltr'>istocasu</span> <span class='ocrx_word' id='word_1_49' title='bbox 1197 1505 1285 1562; x_wconf 91' lang='lat' dir='ltr'>non</span> 
     </span>
     <span class='ocr_line' id='line_1_8' title="bbox 242 1615 1285 1724; baseline 0 -26"><span class='ocrx_word' id='word_1_50' title='bbox 242 1615 469 1716; x_wconf 86' lang='lat' dir='ltr'>moriatur;</span> <span class='ocrx_word' id='word_1_51' title='bbox 497 1636 703 1700; x_wconf 86' lang='lat' dir='ltr'>ettamen</span> <span class='ocrx_word' id='word_1_52' title='bbox 730 1615 922 1698; x_wconf 88' lang='lat' dir='ltr'>novimus</span> <span class='ocrx_word' id='word_1_53' title='bbox 941 1643 1158 1724; x_wconf 87' lang='lat' dir='ltr'>perpaucas</span> <span class='ocrx_word' id='word_1_54' title='bbox 1188 1639 1285 1724; x_wconf 90' lang='lat' dir='ltr'>apo-</span> 
     </span>
     <span class='ocr_line' id='line_1_9' title="bbox 241 1749 916 1860; baseline 0.003 -28"><span class='ocrx_word' id='word_1_55' title='bbox 241 1751 389 1860; x_wconf 77' lang='lat' dir='ltr'>plexian</span> <span class='ocrx_word' id='word_1_56' title='bbox 408 1753 516 1836; x_wconf 89' lang='lat' dir='ltr'>illico</span> <span class='ocrx_word' id='word_1_57' title='bbox 533 1749 659 1838; x_wconf 86' lang='lat' dir='ltr'>fuisse</span> <span class='ocrx_word' id='word_1_58' title='bbox 677 1749 916 1836; x_wconf 82' lang='lat' dir='ltr'>mortiferas.</span> 
     </span>
     <span class='ocr_line' id='line_1_10' title="bbox 152 1874 1285 1999; baseline 0.003 -28"><span class='ocrx_word' id='word_1_59' title='bbox 152 1874 156 1882; x_wconf 59' lang='grc'>’</span> <span class='ocrx_word' id='word_1_60' title='bbox 295 1889 339 1972; x_wconf 90' lang='lat' dir='ltr'>Si</span> <span class='ocrx_word' id='word_1_61' title='bbox 350 1889 569 1972; x_wconf 87' lang='lat' dir='ltr'>nonnullos</span> <span class='ocrx_word' id='word_1_62' title='bbox 577 1889 804 1990; x_wconf 87' lang='lat' dir='ltr'>audiamus,</span> <span class='ocrx_word' id='word_1_63' title='bbox 816 1887 940 1999; x_wconf 78' lang='lat' dir='ltr'>febris</span> <span class='ocrx_word' id='word_1_64' title='bbox 950 1887 1285 1980; x_wconf 87' lang='lat' dir='ltr'>haudmediocri·</span> 
     </span>
     <span class='ocr_line' id='line_1_11' title="bbox 205 2023 1284 2136; baseline 0.006 -27"><span class='ocrx_word' id='word_1_65' title='bbox 205 2079 207 2086; x_wconf 34' lang='grc' dir='ltr'><strong><em>ι</em></strong></span> <span class='ocrx_word' id='word_1_66' title='bbox 240 2045 301 2109; x_wconf 83' lang='lat' dir='ltr'>ter</span> <span class='ocrx_word' id='word_1_67' title='bbox 315 2025 478 2134; x_wconf 84' lang='lat' dir='ltr'>prodest</span> <span class='ocrx_word' id='word_1_68' title='bbox 491 2023 734 2136; x_wconf 80' lang='lat' dir='ltr'>paralyticis,</span> <span class='ocrx_word' id='word_1_69' title='bbox 747 2045 875 2135; x_wconf 79' lang='lat' dir='ltr'>quam</span> <span class='ocrx_word' id='word_1_70' title='bbox 886 2027 1013 2134; x_wconf 84' lang='lat' dir='ltr'>igitur</span> <span class='ocrx_word' id='word_1_71' title='bbox 1025 2029 1088 2110; x_wconf 85' lang='lat' dir='ltr'>vel</span> <span class='ocrx_word' id='word_1_72' title='bbox 1100 2028 1284 2134; x_wconf 83' lang='lat' dir='ltr'><strong>gaudent</strong></span> 
     </span>
     <span class='ocr_line' id='line_1_12' title="bbox 220 2163 1283 2266; baseline 0.005 -20"><span class='ocrx_word' id='word_1_73' title='bbox 220 2164 436 2266; x_wconf 62' lang='lat' dir='ltr'>&#39;invenire</span> <span class='ocrx_word' id='word_1_74' title='bbox 449 2165 514 2248; x_wconf 90' lang='lat' dir='ltr'>vel</span> <span class='ocrx_word' id='word_1_75' title='bbox 529 2163 693 2249; x_wconf 86' lang='lat' dir='ltr'>student</span> <span class='ocrx_word' id='word_1_76' title='bbox 704 2163 884 2246; x_wconf 83' lang='lat' dir='ltr'>excitare.</span> <span class='ocrx_word' id='word_1_77' title='bbox 943 2164 1055 2250; x_wconf 89' lang='lat' dir='ltr'>Huic</span> <span class='ocrx_word' id='word_1_78' title='bbox 1070 2167 1283 2254; x_wconf 81' lang='lat' dir='ltr'>certedoc-</span> 
     </span>
     <span class='ocr_line' id='line_1_13' title="bbox 240 2299 1301 2412; baseline 0.005 -25"><span class='ocrx_word' id='word_1_79' title='bbox 240 2299 356 2387; x_wconf 85' lang='lat' dir='ltr'>trinae</span> <span class='ocrx_word' id='word_1_80' title='bbox 371 2327 518 2408; x_wconf 87' lang='lat' dir='ltr'>parum</span> <span class='ocrx_word' id='word_1_81' title='bbox 532 2299 723 2384; x_wconf 88' lang='lat' dir='ltr'>convenit</span> <span class='ocrx_word' id='word_1_82' title='bbox 736 2327 834 2382; x_wconf 91' lang='lat' dir='ltr'>cum</span> <span class='ocrx_word' id='word_1_83' title='bbox 847 2300 1014 2382; x_wconf 86' lang='lat' dir='ltr'>illorum</span> <span class='ocrx_word' id='word_1_84' title='bbox 1025 2301 1193 2408; x_wconf 84' lang='lat' dir='ltr'>placitis,</span> <span class='ocrx_word' id='word_1_85' title='bbox 1207 2303 1301 2412; x_wconf 81' lang='lat' dir='ltr'>qui&#39;</span> 
     </span>
     <span class='ocr_line' id='line_1_14' title="bbox 241 2437 1283 2547; baseline 0.004 -29"><span class='ocrx_word' id='word_1_86' title='bbox 241 2463 408 2521; x_wconf 88' lang='lat' dir='ltr'>omnem</span> <span class='ocrx_word' id='word_1_87' title='bbox 427 2437 578 2520; x_wconf 89' lang='lat' dir='ltr'>horum</span> <span class='ocrx_word' id='word_1_88' title='bbox 598 2438 841 2520; x_wconf 83' lang='lat' dir='ltr'>morborum</span> <span class='ocrx_word' id='word_1_89' title='bbox 855 2438 1107 2520; x_wconf 85' lang='lat' dir='ltr'>curationem</span> <span class='ocrx_word' id='word_1_90' title='bbox 1125 2439 1171 2520; x_wconf 89' lang='lat' dir='ltr'>in</span> <span class='ocrx_word' id='word_1_91' title='bbox 1184 2466 1283 2547; x_wconf 89' lang='lat' dir='ltr'>pur·</span> 
     </span>
    </p>
   </div>
   <div class='ocr_carea' id='block_1_2' title="bbox 238 2576 1405 2686">
    <p class='ocr_par' dir='ltr' id='par_1_2' title="bbox 238 2576 1405 2686">
     <span class='ocr_line' id='line_1_15' title="bbox 238 2576 1405 2686; baseline -0.014 -26"><span class='ocrx_word' id='word_1_92' title='bbox 238 2576 401 2684; x_wconf 80' lang='lat' dir='ltr'>gation&#39;e</span> <span class='ocrx_word' id='word_1_93' title='bbox 412 2579 505 2678; x_wconf 84' lang='lat' dir='ltr'>alvi,</span> <span class='ocrx_word' id='word_1_94' title='bbox 515 2598 556 2660; x_wconf 89' lang='lat' dir='ltr'>et</span> <span class='ocrx_word' id='word_1_95' title='bbox 567 2577 774 2683; x_wconf 84' lang='lat' dir='ltr'>sanguinis</span> <span class='ocrx_word' id='word_1_96' title='bbox 784 2577 976 2660; x_wconf 87' lang='lat' dir='ltr'>missione</span> <span class='ocrx_word' id='word_1_97' title='bbox 988 2577 1185 2659; x_wconf 89' lang='lat' dir='ltr'>contineri</span> <span class='ocrx_word' id='word_1_98' title='bbox 1194 2579 1282 2686; x_wconf 89' lang='lat' dir='ltr'>opi.</span> <span class='ocrx_word' id='word_1_99' title='bbox 1403 2605 1405 2610; x_wconf 93' lang='lat'>·</span> 
     </span>
    </p>
   </div>
   <div class='ocr_carea' id='block_1_3' title="bbox 193 2711 1361 3644">
    <p class='ocr_par' dir='ltr' id='par_1_3' title="bbox 193 2711 1361 3644">
     <span class='ocr_line' id='line_1_16' title="bbox 238 2711 1315 2824; baseline 0.004 -28"><span class='ocrx_word' id='word_1_100' title='bbox 238 2736 402 2796; x_wconf 85' lang='lat' dir='ltr'>uantur.</span> <span class='ocrx_word' id='word_1_101' title='bbox 442 2713 534 2815; x_wconf 85' lang='lat' dir='ltr'>Sed,</span> <span class='ocrx_word' id='word_1_102' title='bbox 547 2736 596 2798; x_wconf 89' lang='lat' dir='ltr'>ut</span> <span class='ocrx_word' id='word_1_103' title='bbox 607 2739 750 2796; x_wconf 90' lang='lat' dir='ltr'>verum</span> <span class='ocrx_word' id='word_1_104' title='bbox 761 2713 900 2813; x_wconf 82' lang='lat' dir='ltr'>fatear,</span> <span class='ocrx_word' id='word_1_105' title='bbox 905 2713 994 2820; x_wconf 82' lang='lat' dir='ltr'>jam</span> <span class='ocrx_word' id='word_1_106' title='bbox 1008 2711 1315 2824; x_wconf 86' lang='lat' dir='ltr'>diuestquod·</span> 
     </span>
     <span class='ocr_line' id='line_1_17' title="bbox 238 2849 1288 2958; baseline 0.005 -26"><span class='ocrx_word' id='word_1_107' title='bbox 238 2875 337 2932; x_wconf 88' lang='lat' dir='ltr'>usus</span> <span class='ocrx_word' id='word_1_108' title='bbox 356 2849 461 2930; x_wconf 89' lang='lat' dir='ltr'>mihi</span> <span class='ocrx_word' id='word_1_109' title='bbox 475 2875 523 2934; x_wconf 83' lang='lat' dir='ltr'>ex</span> <span class='ocrx_word' id='word_1_110' title='bbox 537 2849 676 2932; x_wconf 85' lang='lat' dir='ltr'>animo</span> <span class='ocrx_word' id='word_1_111' title='bbox 690 2849 837 2932; x_wconf 85' lang='lat' dir='ltr'>delevit</span> <span class='ocrx_word' id='word_1_112' title='bbox 856 2849 960 2932; x_wconf 89' lang='lat' dir='ltr'>hanc</span> <span class='ocrx_word' id='word_1_113' title='bbox 979 2850 1216 2958; x_wconf 85' lang='lat' dir='ltr'>opinionem</span> <span class='ocrx_word' id='word_1_114' title='bbox 1229 2851 1288 2936; x_wconf 81' lang='lat' dir='ltr'>de&#39;</span> 
     </span>
     <span class='ocr_line' id='line_1_18' title="bbox 237 2975 1292 3098; baseline 0.003 -29"><span class='ocrx_word' id='word_1_115' title='bbox 237 2986 374 3098; x_wconf 83' lang='lat' dir='ltr'>febris</span> <span class='ocrx_word' id='word_1_116' title='bbox 391 2989 584 3088; x_wconf 80' lang='lat' dir='ltr'>utilitate3</span> <span class='ocrx_word' id='word_1_117' title='bbox 614 3014 748 3094; x_wconf 86' lang='lat' dir='ltr'>neque</span> <span class='ocrx_word' id='word_1_118' title='bbox 772 2989 884 3070; x_wconf 90' lang='lat' dir='ltr'>enim</span> <span class='ocrx_word' id='word_1_119' title='bbox 902 2987 983 3089; x_wconf 87' lang='lat' dir='ltr'>hic,</span> <span class='ocrx_word' id='word_1_120' title='bbox 1003 3015 1077 3070; x_wconf 91' lang='lat' dir='ltr'>nec</span> <span class='ocrx_word' id='word_1_121' title='bbox 1096 2989 1193 3072; x_wconf 87' lang='lat' dir='ltr'>alibi</span> <span class='ocrx_word' id='word_1_122' title='bbox 1208 2975 1292 3072; x_wconf 29' lang='lat' dir='ltr'>&#39;us-s</span> 
     </span>
     <span class='ocr_line' id='line_1_19' title="bbox 240 3124 1279 3238; baseline -0.002 -28"><span class='ocrx_word' id='word_1_123' title='bbox 240 3151 381 3232; x_wconf 84' lang='lat' dir='ltr'>quam,</span> <span class='ocrx_word' id='word_1_124' title='bbox 392 3124 517 3206; x_wconf 87' lang='lat' dir='ltr'>febris</span> <span class='ocrx_word' id='word_1_125' title='bbox 528 3125 639 3208; x_wconf 88' lang='lat' dir='ltr'>utilis</span> <span class='ocrx_word' id='word_1_126' title='bbox 651 3124 816 3208; x_wconf 86' lang='lat' dir='ltr'>visaest.</span> <span class='ocrx_word' id='word_1_127' title='bbox 848 3125 947 3238; x_wconf 79' lang='lat' dir='ltr'>Quo</span> <span class='ocrx_word' id='word_1_128' title='bbox 962 3127 1090 3232; x_wconf 88' lang='lat' dir='ltr'>magis</span> <span class='ocrx_word' id='word_1_129' title='bbox 1106 3148 1279 3234; x_wconf 84' lang='lat' dir='ltr'>aegrotus</span> 
     </span>
     <span class='ocr_line' id='line_1_20' title="bbox 193 3255 1283 3371; baseline 0.005 -28"><span class='ocrx_word' id='word_1_130' title='bbox 193 3255 198 3260; x_wconf 72' lang='grc'><strong>’</strong></span> <span class='ocrx_word' id='word_1_131' title='bbox 236 3260 453 3363; x_wconf 86' lang='lat' dir='ltr'>febricitat,</span> <span class='ocrx_word' id='word_1_132' title='bbox 470 3291 518 3344; x_wconf 93' lang='lat' dir='ltr'>eo</span> <span class='ocrx_word' id='word_1_133' title='bbox 532 3274 689 3368; x_wconf 79' lang='lat' dir='ltr'>semper</span> <span class='ocrx_word' id='word_1_134' title='bbox 702 3260 865 3368; x_wconf 84' lang='lat' dir='ltr'>gravius</span> <span class='ocrx_word' id='word_1_135' title='bbox 884 3285 942 3344; x_wconf 86' lang='lat' dir='ltr'>est</span> <span class='ocrx_word' id='word_1_136' title='bbox 955 3263 1127 3365; x_wconf 85' lang='lat' dir='ltr'>malum,</span> <span class='ocrx_word' id='word_1_137' title='bbox 1144 3263 1283 3371; x_wconf 82' lang='lat' dir='ltr'>cujus·</span> 
     </span>
     <span class='ocr_line' id='line_1_21' title="bbox 236 3398 1278 3506; baseline 0.001 -24"><span class='ocrx_word' id='word_1_138' title='bbox 236 3427 401 3506; x_wconf 91' lang='lat' dir='ltr'>cunque</span> <span class='ocrx_word' id='word_1_139' title='bbox 415 3399 456 3482; x_wconf 90' lang='lat' dir='ltr'>id</span> <span class='ocrx_word' id='word_1_140' title='bbox 472 3399 627 3506; x_wconf 83' lang='lat' dir='ltr'>generis</span> <span class='ocrx_word' id='word_1_141' title='bbox 639 3398 706 3498; x_wconf 86' lang='lat' dir='ltr'>sit,</span> <span class='ocrx_word' id='word_1_142' title='bbox 717 3399 800 3480; x_wconf 84' lang='lat' dir='ltr'>sive</span> <span class='ocrx_word' id='word_1_143' title='bbox 812 3399 1071 3500; x_wconf 72' lang='lat' dir='ltr'>extrinsecus,</span> <span class='ocrx_word' id='word_1_144' title='bbox 1082 3428 1153 3484; x_wconf 90' lang='lat' dir='ltr'>seu</span> <span class='ocrx_word' id='word_1_145' title='bbox 1166 3402 1278 3490; x_wconf 83' lang='lat' dir='ltr'>intus</span> 
     </span>
     <span class='ocr_line' id='line_1_22' title="bbox 235 3512 1361 3644; baseline 0.004 -27"><span class='ocrx_word' id='word_1_146' title='bbox 235 3512 459 3644; x_wconf 86' lang='lat' dir='ltr'>incorpore</span> <span class='ocrx_word' id='word_1_147' title='bbox 471 3538 616 3620; x_wconf 83' lang='lat' dir='ltr'>latens:</span> <span class='ocrx_word' id='word_1_148' title='bbox 636 3557 675 3617; x_wconf 90' lang='lat' dir='ltr'>et</span> <span class='ocrx_word' id='word_1_149' title='bbox 688 3562 773 3642; x_wconf 91' lang='lat' dir='ltr'>quo</span> <span class='ocrx_word' id='word_1_150' title='bbox 783 3535 912 3642; x_wconf 86' lang='lat' dir='ltr'>magis</span> <span class='ocrx_word' id='word_1_151' title='bbox 926 3537 1160 3622; x_wconf 82' lang='lat' dir='ltr'>naturaliter</span> <span class='ocrx_word' id='word_1_152' title='bbox 1171 3538 1285 3630; x_wconf 54' lang='lat' dir='ltr'>ordi,</span> <span class='ocrx_word' id='word_1_153' title='bbox 1359 3590 1361 3599; x_wconf 91' lang='lat'>·</span> 
     </span>
    </p>
   </div>
   <div class='ocr_carea' id='block_1_4' title="bbox 105 3674 1258 3774">
    <p class='ocr_par' dir='ltr' id='par_1_4' title="bbox 105 3674 1258 3774">
     <span class='ocr_line' id='line_1_23' title="bbox 105 3674 1258 3774; baseline 0.002 -18"><span class='ocrx_word' id='word_1_154' title='bbox 105 3713 110 3718; x_wconf 93' lang='lat'><strong>·</strong></span> <span class='ocrx_word' id='word_1_155' title='bbox 236 3675 359 3756; x_wconf 84' lang='lat' dir='ltr'>natur</span> <span class='ocrx_word' id='word_1_156' title='bbox 373 3674 612 3756; x_wconf 81' lang='lat' dir='ltr'>arteriarum</span> <span class='ocrx_word' id='word_1_157' title='bbox 624 3696 776 3774; x_wconf 83' lang='lat' dir='ltr'>motus,</span> <span class='ocrx_word' id='word_1_158' title='bbox 789 3701 838 3756; x_wconf 83' lang='lat' dir='ltr'>eo</span> <span class='ocrx_word' id='word_1_159' title='bbox 852 3697 1047 3756; x_wconf 72' lang='lat' dir='ltr'>recerunt</span> <span class='ocrx_word' id='word_1_160' title='bbox 1060 3675 1258 3758; x_wconf 88' lang='lat' dir='ltr'>meliores.</span> 
     </span>
    </p>
   </div>
   <div class='ocr_carea' id='block_1_5' title="bbox 224 3800 1280 4314">
    <p class='ocr_par' dir='ltr' id='par_1_5' title="bbox 224 3800 1280 4314">
     <span class='ocr_line' id='line_1_24' title="bbox 291 3800 1280 3918; baseline 0.005 -26"><span class='ocrx_word' id='word_1_161' title='bbox 291 3810 486 3902; x_wconf 75' lang='lat' dir='ltr'>Arthritie</span> <span class='ocrx_word' id='word_1_162' title='bbox 502 3811 675 3918; x_wconf 80' lang='lat' dir='ltr'>paralysi</span> <span class='ocrx_word' id='word_1_163' title='bbox 690 3810 973 3918; x_wconf 84' lang='lat' dir='ltr'>superveniens</span> <span class='ocrx_word' id='word_1_164' title='bbox 988 3839 1040 3895; x_wconf 90' lang='lat' dir='ltr'>ne</span> <span class='ocrx_word' id='word_1_165' title='bbox 1053 3800 1280 3898; x_wconf 83' lang='lat' dir='ltr'>minimum</span> 
     </span>
     <span class='ocr_line' id='line_1_25' title="bbox 237 3947 1279 4056; baseline 0 -26"><span class='ocrx_word' id='word_1_166' title='bbox 237 3948 407 4056; x_wconf 83' lang='lat' dir='ltr'>adjuvit,</span> <span class='ocrx_word' id='word_1_167' title='bbox 413 3949 482 4031; x_wconf 90' lang='lat' dir='ltr'>sed</span> <span class='ocrx_word' id='word_1_168' title='bbox 496 3949 639 4030; x_wconf 87' lang='lat' dir='ltr'>misere</span> <span class='ocrx_word' id='word_1_169' title='bbox 648 3947 795 4028; x_wconf 85' lang='lat' dir='ltr'>delusit</span> <span class='ocrx_word' id='word_1_170' title='bbox 807 3975 921 4054; x_wconf 82' lang='lat' dir='ltr'>spem</span> <span class='ocrx_word' id='word_1_171' title='bbox 933 3970 1192 4054; x_wconf 78' lang='lat' dir='ltr'>aegrotorum,</span> <span class='ocrx_word' id='word_1_172' title='bbox 1204 3951 1279 4056; x_wconf 93' lang='lat' dir='ltr'>qui</span> 
     </span>
     <span class='ocr_line' id='line_1_26' title="bbox 236 4083 1279 4194; baseline 0.002 -30"><span class='ocrx_word' id='word_1_173' title='bbox 236 4085 370 4166; x_wconf 88' lang='lat' dir='ltr'>nescio</span> <span class='ocrx_word' id='word_1_174' title='bbox 386 4085 488 4194; x_wconf 89' lang='lat' dir='ltr'>quid</span> <span class='ocrx_word' id='word_1_175' title='bbox 500 4111 703 4192; x_wconf 86' lang='lat' dir='ltr'>magnum</span> <span class='ocrx_word' id='word_1_176' title='bbox 716 4110 765 4166; x_wconf 88' lang='lat' dir='ltr'>ex</span> <span class='ocrx_word' id='word_1_177' title='bbox 779 4083 864 4190; x_wconf 88' lang='lat' dir='ltr'>ejus</span> <span class='ocrx_word' id='word_1_178' title='bbox 880 4084 1057 4166; x_wconf 88' lang='lat' dir='ltr'>adventu</span> <span class='ocrx_word' id='word_1_179' title='bbox 1070 4084 1148 4166; x_wconf 88' lang='lat' dir='ltr'>sibi</span> <span class='ocrx_word' id='word_1_180' title='bbox 1163 4086 1279 4192; x_wconf 82' lang='lat' dir='ltr'>polli-</span> 
     </span>
     <span class='ocr_line' id='line_1_27' title="bbox 224 4219 1280 4314; baseline 0.005 -13"><span class='ocrx_word' id='word_1_181' title='bbox 224 4221 304 4308; x_wconf 80' lang='lat' dir='ltr'>‚citi</span> <span class='ocrx_word' id='word_1_182' title='bbox 316 4219 489 4306; x_wconf 84' lang='lat' dir='ltr'>fuerant.</span> <span class='ocrx_word' id='word_1_183' title='bbox 521 4221 687 4306; x_wconf 87' lang='lat' dir='ltr'>Nemini</span> <span class='ocrx_word' id='word_1_184' title='bbox 700 4243 840 4306; x_wconf 83' lang='lat' dir='ltr'>autern</span> <span class='ocrx_word' id='word_1_185' title='bbox 849 4223 1004 4311; x_wconf 81' lang='lat' dir='ltr'>mirum</span> <span class='ocrx_word' id='word_1_186' title='bbox 1017 4222 1145 4312; x_wconf 79' lang='lat' dir='ltr'>videri</span> <span class='ocrx_word' id='word_1_187' title='bbox 1159 4223 1280 4314; x_wconf 81' lang='lat' dir='ltr'>debet</span> 
     </span>
    </p>
   </div>
   <div class='ocr_carea' id='block_1_6' title="bbox 0 0 1556 5084">
    <p class='ocr_par' dir='ltr' id='par_1_6' title="bbox 0 0 1556 5084">
     <span class='ocr_line' id='line_1_28' title="bbox 0 0 1556 5084; baseline 0 2"><span class='ocrx_word' id='word_1_188' title='bbox 0 0 1556 5084; x_wconf 95' lang='lat' dir='ltr'> </span> 
     </span>
    </p>
   </div>
  </div>
 </body>
</html>
