3050 5084
643 473 764 630 409'

225 737 397 836 Natura,
407 759 551 816 carens
564 733 749 838 neurina
759 729 877 813 laedat
890 731 1079 834 vesicam,
1090 754 1223 816 totam

169 872 258 982 ejus
278 873 427 954 faciem
454 871 690 952 interiorem
708 897 832 950 muco
858 869 1005 970 illevit3
1036 872 1110 978 qui
1130 872 1222 952 irri-

171 1011 363 1094 ramentis
383 1037 406 1090 a
438 1035 687 1116 quacunque
717 1035 836 1088 causa
855 1005 1044 1114 profectis
1075 1009 1132 1120 ita
1151 1037 1223 1090 au-

172 1171 305 1256 getur,
330 1168 379 1228 ut
397 1173 495 1227 cum
523 1145 644 1225 urina
665 1144 787 1224 simul
807 1144 1079 1250 copiosissime
1099 1169 1225 1248 exeat,
1281 1147 1283 1150 ’

173 1308 215 1366 et
247 1283 458 1366 interdum
491 1283 655 1363 matula
684 1280 819 1364 fundo
849 1279 1062 1382 adhareat,
1075 1275 1080 1284 ’
1095 1283 1225 1366 instar

175 1421 302 1530 amyli
316 1449 423 1528 aqua
436 1419 575 1519 diluti;
604 1420 724 1526 longe
737 1441 874 1500 autem
889 1419 989 1498 alius
1002 1442 1061 1499 est
1076 1449 1098 1498 a
1111 1449 1225 1526 pure,

177 1559 293 1668 quod
322 1557 368 1638 in
395 1557 516 1639 urina
546 1555 742 1658 subsidet,
772 1556 884 1636 velut
909 1581 1067 1637 cremor
1097 1557 1222 1642 lac-tis.

176 1702 371 1780 Attamen
391 1723 465 1776 nec
493 1723 640 1776 mucus
659 1694 739 1794 ille,
764 1721 897 1802 neque
917 1693 1069 1776 humor
1097 1723 1226 1802 puru-

178 1837 312 1916 lentus
332 1861 489 1940 semper
508 1833 664 1912 indicat
683 1831 840 1940 aliquid
859 1831 904 1912 in
919 1832 994 1913 viis
1011 1834 1139 1914 urinae
1159 1861 1227 1916 ex·

178 1975 423 2070 ulceratum;
443 1991 667 2076 utrumque
682 1969 794 2050 enim
806 1969 916 2051 nasci
932 1991 1061 2077 potest
1076 1997 1123 2051 ex
1136 1971 1226 2050 irri·

179 2133 361 2192 ramento
381 2108 693 2208 vehementiore,
711 2129 782 2188 aut
797 2108 875 2187 levi
890 2105 1228 2210 inflammatione,

81 2235 86 2242 ⁸
181 2249 268 2330 sine
287 2245 596 2355 suppuratione3
627 2267 675 2325 ut
695 2273 795 2352 saepe
814 2241 863 2326 fit
881 2245 926 2324 in
944 2245 1021 2326 illis
1050 2247 1124 2354 qui
1142 2275 1227 2330 cre-

179 2386 265 2466 bris
281 2385 397 2463 malis
409 2381 600 2463 Venereis
612 2383 753 2464 tentati
767 2374 1084 2493 fuerunt,'quive
1095 2411 1229 2488 arena,

181 2545 253 2608 aut
272 2521 425 2604 calculo
445 2519 700 2627 infestantur.
760 2521 862 2622 Ren,
881 2543 920 2600 et
939 2543 1127 2628 prostata,
1146 2525 1229 2630 ple·

182 2687 360 2766 rumque
381 2679 477 2740 sunt
507 2657 616 2738 sedes
636 2659 847 2756 ulcerum;
877 2685 969 2766 quae
988 2681 1082 2740 tum
1099 2659 1229 2770 conji-

184 2798 362 2880 ciuntur
372 2797 546 2894 subesse,
565 2823 662 2875 cum
676 2796 856 2874 multum
878 2795 929 2876 sit
947 2795 1131 2878 humoris
1152 2827 1230 2905 pu·

184 2933 335 3017 rulenti
363 2933 468 3012 male
487 2931 644 3032 olentis,
672 2953 712 3012 et
735 2931 849 3012 lineis
880 2933 1056 3014 cruentis
1084 2935 1227 3017 notati.

186 3069 370 3184 Quodsi
400 3090 576 3176 prostata
596 3064 759 3176 nuilum
792 3069 984 3176 chirurgo
1006 3071 1230 3177 exploranti

185 3207 324 3313 morbi
357 3205 559 3286 indicium
596 3201 784 3312 praebeat,
811 3233 884 3287 ren
913 3206 989 3287 erit
1020 3206 1066 3286 in
1099 3191 1228 3315 culpa.

185 3343 392 3426 Sententia
422 3365 560 3423 tamen
579 3343 629 3422 de
657 3341 733 3423 hac
752 3371 794 3423 re
823 3365 938 3426 caute
966 3343 1132 3427 ferenda
1159 3369 1233 3450 est,

186 3504 329 3589 utpote
348 3481 476 3562 dubia
495 3505 664 3587 semper,
683 3501 722 3561 et
740 3481 922 3562 obscura.

171 3665 180 3686 ι
244 3617 387 3698 Urinae
406 3617 700 3720 incontinentia
719 3618 896 3724 periculo
916 3618 1086 3726 quidem
1105 3642 1233 3722 vacat,

188 3783 336 3838 rerum
369 3755 596 3836 admodum
615 3755 876 3836 incommoda
895 3778 967 3856 est,
994 3779 1033 3837 et
1051 3759 1231 3841 molesta.

189 3893 378 3994 Pueritia‚
406 3915 446 3975 et
476 3915 671 3993 senectus,
700 3891 760 3973 illi
790 3893 966 3976 maxime
994 3917 1233 4001 opportuna

190 4055 298 4114 sunu
344 4031 480 4112 Pueris
494 4029 743 4137 quibusdam
759 4028 1054 4112 infirmioribus
1068 4032 1236 4114 adhaesit

191 4169 244 4250 ab
267 4167 496 4282 infantibus
527 4191 659 4276 usque
689 4167 741 4246 ad
768 4167 1034 4274 pubertatem.
1092 4170 1235 4252 Puellae

193 4328 343 4392 verost
358 4306 515 4416 saepius,
533 4328 573 4390 et
588 4305 743 4388 diutius
758 4307 833 4391 hac
848 4294 1085 4392 infirmitate
1098 4329 1239 4392 tenen·
