3016 5076
745 467 845 590 ‚36

294 705 403 766 certo
421 701 590 782 constet,
617 681 730 788 quod
750 677 921 762 fidenter
947 679 1110 783 dicitur,
1138 675 1333 764 m'orbunr

294 819 562 918 articularem,
581 817 656 901 ubi
674 817 804 918 saevit,
822 843 963 898 omnes
978 817 1074 900 alios
1089 819 1256 900 morbos
1270 847 1334 900 ex·

294 958 457 1066 pellere?
485 977 526 1038 et
549 955 705 1062 ubique
735 956 850 1036 licere
878 957 941 1038 vel
974 953 1152 1062 gignere,
1177 957 1242 1037 vel
1269 956 1335 1037 e‘x·

295 1093 417 1174 citare
436 1091 670 1198 podagram,
691 1090 777 1171 sine
795 1093 880 1172 ullo
898 1092 1077 1198 periculo
1096 1090 1336 1174 cumulandi

296 1229 432 1336 priora
445 1227 670 1310 recentibus
684 1227 819 1310 malis?
836 1227 942 1309 Sunt
954 1229 1142 1336 quaedam
1156 1229 1337 1336 regiones

298 1364 372 1445 ubi
382 1389 498 1470 psora
506 1384 564 1444 est
572 1363 741 1444 morbus
754 1363 1107 1471 frequentissimus
1113 1399 1125 1465 ς
1145 1387 1269 1472 atque
1279 1363 1337 1444 ibi

299 1528 465 1608 quoque
478 1482 657 1582 salutaris
670 1527 751 1580 esse
763 1501 1024 1582 existimatur.
1069 1502 1203 1583 Febris
1217 1501 1339 1582 etiam

298 1635 568 1727 intermittens
587 1635 726 1717 olima
745 1636 1059 1743 quamplurimis
1074 1637 1242 1718 medicis
1258 1661 1339 1718 cre·

298 1773 470 1854 debatur
478 1801 560 1854 esse
572 1770 757 1854 ministra
766 1773 903 1854 salutis
910 1807 921 1874 ς
941 1795 981 1855 et
991 1773 1102 1855 idem
1113 1773 1339 1856 etiamnum

300 1909 506 2016 nonnullis
519 1933 754 2014 persuasum
766 1929 834 1990 est
865 1911 1006 2018 Itaque
1020 1910 1104 2017 ejus
1117 1909 1339 1992 adventum

301 2047 379 2127 sibi
397 2068 437 2126 et
455 2044 593 2126 amicis
605 2047 874 2152 gratulantur,
892 2071 944 2150 et,
963 2049 1226 2156 quantumin
1245 2045 1339 2155 ipsis

299 2203 372 2282 est,
389 2204 532 2262 tavent
545 2207 596 2262 ne
607 2181 729 2262 nimis
741 2183 821 2264 cito
833 2212 873 2266 se
885 2185 1089 2292 proripiat.
1148 2187 1236 2264 Has
1250 2183 1341 2291 qui-

214 2385 218 2392 .
302 2319 397 2400 tlem
415 2317 622 2425 opiniones
642 2317 686 2399 in
704 2319 852 2426 Anglia
866 2321 955 2428 jam
973 2322 1055 2402 fere
1073 2321 1220 2402 delevit
1238 2321 1339 2418 dies;

302 2476 342 2536 ot
353 2453 427 2536 ubi
446 2455 671 2536 remedium
685 2456 873 2562 podagra
886 2458 997 2539 haud
1013 2457 1150 2540 minus
1170 2479 1340 2564 praesens
1368 2479 1369 2484 ‘

304 2591 518 2672 inventum
537 2593 601 2691 sit,
620 2619 746 2698 qnam
766 2619 858 2700 quae
884 2595 936 2674 ad
954 2594 1078 2674 modo
1098 2613 1341 2674 memoratos

304 2730 467 2810 morbos
476 2729 733 2832 adhibentur,
741 2759 1030 2838 cognoscemus
1040 2733 1205 2814 tandem
1215 2755 1342 2838 quam

304 2889 394 2972 tuto
403 2889 442 2948 et
453 2869 604 2950 utiliter
612 2857 781 2950 morbus
794 2897 959 2977 quoque
971 2869 1243 2952 articularisin
1256 2891 1342 2978 per-

304 3027 474 3112 petuum
487 3005 734 3086 summoveri
749 3006 887 3113 possit.

359 3142 401 3222 Si
416 3143 507 3249 quis
527 3165 664 3223 tamen
682 3142 898 3223 contendat
913 3141 1167 3224 arthritidem
1180 3169 1262 3222 esse
1278 3167 1342 3220 co-

306 3301 452 3360 natum
470 3279 662 3384 corporis,
681 3307 765 3384 quo
784 3278 974 3360 humores
990 3281 1124 3360 nescio
1139 3307 1242 3386 qnos
1258 3301 1345 3359 cor·

307 3439 447 3522 ruptos
459 3416 645 3521 expellat3
675 3415 726 3494 ad
740 3415 1025 3522 experientiam
1039 3415 1345 3522 provocandum

304 3577 376 3653 est,
396 3581 491 3662 quae
526 3554 608 3633 sola
626 3551 701 3632 erit
720 3551 864 3635 idonea
882 3551 1049 3660 hujusce
1068 3553 1147 3634 litis
1161 3552 1288 3660 judex
1306 3567 1346 3630 et

306 3693 467 3773 arbitra.
499 3692 549 3772 Et
563 3687 690 3770 fateor
703 3691 920 3770 nonnullos
932 3691 1109 3798 reperiri,
1125 3690 1199 3797 qui
1211 3689 1344 3796 primo
1433 3667 1435 3674 ’

306 3829 491 3936 podagrae
507 3827 683 3908 adventu
697 3815 890 3934 gaudent,
907 3849 1106 3933 tanquam
1120 3827 1194 3934 qul
1209 3823 1347 3908 omnia

303 3967 436 4049 fausta
451 3994 588 4050 secum
599 3963 717 4064 ferat3
748 3965 822 4073 qui
840 3965 945 4046 nihil
957 3965 1045 4072 jam
1059 3965 1138 4046 nisi
1153 3959 1347 4046 valetudi-

305 4133 401 4186 nem
423 4101 727 4209 integerrimam
747 4101 1007 4202 somniantes,
1033 4099 1150 4212 facile
1177 4099 1349 4182 credunt

207 4247 210 4254 '
303 4241 408 4321 hanc
427 4239 604 4346 primam
622 4237 1003 4321 accessionemmire
1022 4237 1246 4344 profuisse3
1274 4230 1346 4344 qni

187 4483 192 4491 Ι
304 4408 393 4461 mos
419 4399 478 4462 est
497 4375 730 4480 hominum,
760 4375 918 4484 quoties
946 4399 1074 4458 novos
1093 4376 1284 4476 medicos,
1309 4389 1350 4454 et
