3104 5084
760 511 864 614 sos
922 455 929 464 ’

212 763 215 770 ·
298 723 523 832 paralyticis
552 721 700 806 dando.
739 723 953 806 -Doctrina
977 725 1101 824 enlm,
1127 726 1211 806 veti
1231 745 1335 805 certe

298 860 470 967 speciem
498 885 577 966 prae
598 887 638 942 se
665 857 811 961 ferens,
837 860 882 942 in
907 859 1161 942 medicorum
1190 859 1334 942 scholis

299 997 457 1097 tradita,
469 996 595 1103 rejicit
610 997 751 1103 opium
763 1019 960 1104 tanquam
974 997 1335 1105 prorsusalienum,
1353 1041 1357 1054 .

296 1133 372 1216 ubi
386 1135 619 1240 languentes
634 1155 673 1215 et
687 1134 970 1215 semimortuos
985 1115 1129 1216 nervos
1145 1135 1333 1240 cupimus

259 1253 261 1260 ’
296 1271 483 1352 excitare:
514 1271 665 1378 quippe
693 1271 892 1378 cujusvis
922 1271 1056 1352 omnis
1083 1270 1262 1352 cernitur
1289 1271 1334 1352 in

296 1405 549 1490 refraenmdo
595 1429 635 1489 et
679 1407 951 1515 consopiendo
988 1407 1091 1490 vires
1127 1407 1329 1488 animales.

296 1545 417 1626 Hanc
445 1567 581 1626 tamen
598 1542 846 1650 opinionem,
873 1567 1084 1651 utcunque
1103 1543 1335 1650 speciosam,

296 1707 393 1762 usus
415 1681 517 1760 mihi
546 1664 594 1762 eit
612 1681 750 1762 animo
769 1681 951 1762 excussit
1010 1680 1195 1786 Cognovi
1222 1679 1333 1760 enim

296 1845 436 1924 agros,
465 1817 581 1924 quia
608 1818 780 1926 paralysi
808 1811 1124 1900 convalescentes
1151 1817 1334 1898 multum

216 1973 217 1976 ‘
297 1953 380 2060 opii
399 1975 637 2054 sumserant,
654 1975 694 2036 et
712 1953 857 2036 deinde
872 1954 949 2034 sibi
968 1951 1218 2034 indulserant
1232 1952 1334 2035 tinc-

297 2109 398 2170 turae
418 2089 500 2195 opii
519 2112 653 2196 guttas
673 2090 839 2196 triginta
866 2089 1034 2195 singulis
1053 2087 1242 2170 noctibus
1262 2115 1333 2195 per

296 2223 408 2306 haud
438 2253 584 2332 paucos
610 2253 749 2313 annos.
809 2226 868 2307 Hi
894 2225 1045 2308 interea
1073 2226 1176 2306 bene
1198 2226 1333 2308 value-

296 2383 415 2454 runt:
442 2383 483 2443 et
511 2361 544 2442 si
565 2363 708 2470 opium
730 2361 914 2470 prasidio
942 2387 1027 2442 non
1046 2359 1141 2461 fuit,
1169 2381 1333 2443 atcerte

295 2523 382 2580 non
401 2497 536 2580 obfuit
550 2497 722 2582 sanitati.
779 2499 857 2580 His
876 2497 1020 2590 doctus
1034 2496 1241 2604 exemplis,
1258 2495 1333 2578 ubi

289 2633 1333 2743 jactatioposmlaverit,paralyticissaepedediopiata,

295 2798 392 2852 cum
411 2797 496 2851 non
524 2771 681 2854 minore
700 2769 853 2871 fructu,
881 2785 1008 2878 quam
1026 2770 1072 2850 in
1090 2770 1166 2852 alia
1185 2771 1331 2877 quavis

260 2929 266 2938 “
296 2906 577 3014 egritudines

177 3037 179 3041 ’
353 3047 571 3158 Quantum
589 3048 717 3130 valeat
733 3045 964 3128 electricitas
979 3046 1030 3128 ad
1049 3045 1252 3155 paralysin
1271 3073 1332 3127 sa-

295 3183 488 3284 nandam,
506 3183 694 3264 nondum
708 3209 787 3264 usu
801 3181 893 3264 satis
909 3205 1164 3292 compertum
1182 3182 1331 3264 habeo-z

294 3320 380 3401 haec
395 3341 530 3401 tamen
542 3321 682 3428 procul
695 3319 824 3402 dubio
838 3320 1017 3427 aliquam
1028 3319 1171 3400 simin
1184 3347 1333 3403 nervos

294 3479 458 3540 exercet.
820 3547 827 3561 ,
1255 3467 1260 3476 “

351 3597 459 3676 Inter
476 3593 600 3676 febris
620 3593 921 3678 interminantis
936 3595 1050 3702 signa
1068 3597 1197 3678 semel.
1209 3615 1332 3703 atque

292 3733 443 3814 iterum
461 3731 546 3812 vidi
566 3734 671 3814 mala
699 3731 888 3839 quadam
915 3731 1157 3840 paralytica3
1185 3759 1332 3814 verum

293 3869 378 3951 haec
398 3870 550 3972 omnia,
561 3870 684 3952 simul
703 3897 797 3952 cum
809 3869 935 3971 febre,
949 3869 1087 3952 cortici
1107 3869 1331 3952 Pemviano

168 3989 186 4010 ²
291 4028 505 4090 cesserunt.

332 4241 349 4275 ·
369 4241 414 4302 M.
432 4203 610 4317 'chapelain
629 4239 759 4300 medecin
786 4240 823 4302 de
849 4239 1045 4318 Montpellier,
1072 4239 1151 4302 aroit
1179 4240 1262 4324 gistri
1289 4259 1330 4302 un
