3104 5084
832 465 934 566 954

354 675 609 788 profusiones
625 699 760 772 tantae,
774 699 942 784 tamque
956 676 1203 784 periculosa,
1220 703 1269 762 ex
1284 699 1397 764 utero

217 819 220 829 “
354 817 473 900 fiunt.

408 954 601 1036 Foeminae
610 954 793 1061 juniores
806 951 1017 1035 interdum
1032 955 1298 1062 experiuntur
1310 977 1396 1040 ute-

249 1193 252 1206 ·
350 1093 492 1176 riuum
511 1091 752 1198 sanguinem
780 1113 821 1172 et
840 1091 1020 1172 crebrius
1047 1090 1175 1196 justo,
1202 1115 1243 1174 et
1262 1094 1397 1202 copio-

324 1230 435 1312 sius
467 1225 692 1329 fluentem3
721 1229 792 1310 sed
824 1227 958 1308 multo
989 1227 1121 1336 magis
1158 1252 1395 1350 opportunae
1521 1287 1522 1308 r

350 1388 448 1448 sunt
474 1365 692 1449 menstruis
716 1365 982 1472 parcioribus,
1009 1386 1049 1447 et
1068 1365 1331 1467 tardioribus,
1357 1389 1396 1450 et
1521 1475 1522 1484 Ν

351 1505 582 1612 suppressis.

406 1643 455 1724 In
466 1641 595 1724 causis
607 1663 916 1724 menstruorum
927 1667 1236 1747 suppressomm
1249 1667 1396 1724 nurne-

348 1801 492 1862 rantur
510 1779 659 1862 crebrae
674 1777 883 1883 sanguinis
897 1777 1122 1879 missiones,
1134 1799 1175 1875 et
1188 1800 1331 1879 terror,
1341 1799 1393 1878 et,

348 1917 383 2000 si
402 1917 589 1998 mulieres
607 1917 712 2022 ipsas
732 1913 960 2014 audiamus,
978 1913 1098 2019 podes
1118 1941 1226 2022 aqua
1238 1913 1392 2021 frigida
1450 1911 1452 1916 ’
1521 1971 1522 1984 ψ

347 2053 503 2136 diutius
516 2052 730 2136 madefacti
741 2072 1049 2133 menstruorum
1061 2071 1253 2156 tempore.
1302 2053 1392 2132 Post

346 2213 487 2298 partus
502 2188 683 2272 difficiles
697 2189 888 2297 frequens
904 2211 963 2270 est
978 2211 1285 2270 menstruorum
1299 2213 1390 2295 pro-

347 2321 482 2428 fusio;
510 2327 719 2410 interdum
738 2337 876 2418 tamen
897 2351 946 2408 ex
964 2325 1041 2407 hoc
1070 2355 1165 2408 casu
1182 2326 1256 2406 diu
1276 2353 1390 2408 man,
1521 2321 1522 2366 r

348 2487 489 2554 serunt
507 2491 732 2570 suppressa,
750 2461 927 2544 maxime
942 2461 975 2544 si
993 2463 1053 2543 lac
1072 2485 1157 2544 non
1171 2461 1330 2544 desinat
1346 2463 1391 2544 in

346 2631 546 2690 mammas
558 2599 700 2701 fluere3
713 2601 827 2706 quod
836 2599 1043 2682 interdum
1053 2598 1390 2681 factumestmul·

346 2759 409 2820 tos
433 2764 589 2819 menses
620 2761 839 2848 postquam
864 2735 998 2819 infans
1027 2756 1208 2822 remotus
1233 2735 1299 2838 sit,
1327 2736 1389 2818 vel

345 2873 949 2966 etiamubifoeminainfantem
961 2871 1388 2955 haudomninolacta·
1521 2963 1522 2996 Ν

319 3014 460 3097 serit.
519 3015 693 3096 Morbus
709 3013 871 3121 aliquis,
885 3035 956 3095 aut
970 3041 1092 3120 prava
1107 3013 1212 3094 uteri
1226 3009 1388 3094 confor·
1463 3075 1468 3089 .

345 3153 486 3252 matio,
499 3152 544 3232 in
556 3151 805 3258 quibusdam
819 3149 986 3232 fortasse
997 3147 1165 3232 fecerint
1179 3171 1387 3232 menstrua

263 3309 267 3318 ’
345 3291 409 3372 rel
428 3289 670 3390 inordinata,
696 3289 762 3370 vel
779 3315 1002 3394 suppressa,
1029 3286 1205 3368 maxime
1223 3286 1269 3366 in
1296 3285 1388 3384 illis,

345 3425 498 3532 quibus
510 3453 726 3532 nunquam
740 3421 955 3507 fluxerunt
999 3425 1158 3505 Verum
1170 3421 1385 3528 saepissime

345 3561 750 3669 supptimiridentur
765 3589 813 3644 ex
833 3555 1015 3670 quadam
1027 3560 1257 3642 valetudine
1276 3579 1386 3640 ante·

319 3699 521 3799 ¹cedente,
546 3697 657 3780 unde
683 3699 786 3781 vites
816 3699 908 3780 vitae
937 3695 1146 3799 deficiunt,
1174 3717 1215 3781 et
1239 3724 1384 3804 corpus

343 3835 616 3936 debilitatum,
643 3835 981 3942 exhaustumque,
1008 3857 1125 3918 utero
1144 3833 1384 3942 sanguinem

343 3973 599 4082 suppeditare
611 4001 697 4055 non
708 3975 822 4056 valet.
871 3975 1098 4072 Menstrua,
1111 3969 1382 4078 quasingulis

342 4111 551 4194 mentibus
564 4111 692 4193 redire
707 4133 1017 4212 consueverunt,
1031 4110 1065 4192 si
1078 4110 1203 4192 febris
1219 4109 1381 4207 incidat,

341 4245 425 4332 fere
435 4275 592 4362 semper
603 4248 928 4357 supprimuntur.
979 4247 1084 4361 Qua
1097 4247 1219 4330 etiam
1230 4241 1379 4354 phthisi

905 4601 923 4635 ’a
