2990 5078
646 499 901 644 ‘mo

270 737 408 793 mense
427 709 661 818 permultos
682 733 823 788 annos.
874 706 1075 820 Quinque
1091 710 1205 816 aegris
1219 737 1318 792 con-

269 849 363 955 tigit
381 846 556 952 graviter
574 845 755 924 laborare
775 843 853 922 hoc
873 844 1020 924 morbo
1039 873 1315 950 parmensem

141 981 147 989 ’
272 983 388 1063 omni
400 1003 547 1064 aestate:
568 979 696 1060 alium
707 999 835 1060 totam
849 1000 1025 1078 aestatem
1037 979 1183 1064 afflixit
1195 1007 1320 1090 quot-

274 1119 408 1199 annis:
440 1118 540 1197 alius
560 1143 779 1222 nunquam
808 1115 886 1195 nisi
906 1137 1048 1224 astate·
1070 1117 1121 1198 ab
1141 1147 1189 1199 eo
1214 1121 1322 1202 liber

273 1253 365 1336 fuit.
424 1253 544 1334 Malis
565 1251 814 1359 graviditatis
830 1252 1039 1341 interdum
1058 1233 1223 1336 accessit
1248 1258 1323 1338 de-

273 1391 449 1488 stillatio,
467 1412 507 1470 et
525 1388 669 1470 exinde
691 1388 736 1468 in
755 1415 839 1470 una
857 1387 1032 1470 foemina
1050 1394 1323 1495 perseveravit

276 1550 453 1635 quatuor
479 1553 616 1607 annos.
676 1525 898 1606 Menstruis
929 1525 1183 1628 inordinatis,
1202 1529 1325 1612 -inter

184 1765 188 1780 ⁴
277 1666 371 1746 alias
384 1663 624 1745 valetudinis
637 1662 971 1769 perturbationes,
984 1663 1249 1746 subsecutum
1261 1689 1327 1748 est

277 1801 550 1882 immodicum
581 1801 716 1880 salivae
745 1795 1017 1905 profluvium
1047 1795 1160 1907 quod
1193 1803 1325 1884 etiam

276 1940 463 2020 mulieres
483 1937 691 2046 hystericae
711 1957 879 2042 experta
900 1959 995 2016 sunt
1010 1937 1054 2016 in
1069 1937 1170 2016 duos
1187 1959 1324 2022 tresve

277 2101 447 2173 menses,
460 2073 624 2179 perinde
634 2101 678 2152 ac
691 2073 825 2151 sivivo
837 2095 1002 2177 argento
1014 2071 1202 2154 delibutae
1215 2074 1325 2157 fitis-

277 2231 394 2304 sent..
434 2210 642 2314 Anginam
662 2209 814 2288 malam
839 2207 1048 2288 interdum
1067 2212 1220 2324 excepit
1239 2211 1325 2292 im-

276 2368 453 2454 portuna
481 2346 652 2453 spuendi
677 2346 900 2443 necessitas,
929 2373 1024 2452 quae
1048 2373 1211 2454 aegrum
1242 2349 1324 2430 diu

157 2587 161 2596 Ι
276 2483 472 2590 fatigavit.
531 2483 754 2563 Glandulas
776 2483 1056 2589 quaesalivam
1081 2509 1324 2586 excernunt,

199 2681 203 2687 -
278 2643 493 2728 argentum
508 2621 664 2720 vivum,
678 2642 725 2700 ut
738 2621 861 2725 vulgo
876 2641 1024 2699 notum
1038 2643 1109 2720 est,
1124 2621 1323 2728 privatim

279 2759 462 2858 solicitat,
490 2780 529 2838 et
547 2755 800 2863 profluvium
826 2783 966 2836 earum
991 2757 1037 2836 in
1064 2757 1323 2841 immensum

279 2917 409 3000 auget.
458 2893 617 2976 Accidit
631 2895 757 2999 igitur
769 2893 1031 2999 quibusdam,
1047 2895 1120 3000 qui
1138 2894 1216 2975 hoc
1233 2925 1326 2978 me-

278 3031 508 3112 dicamento
527 3029 685 3111 modice
705 3051 867 3109 tantum
885 3029 950 3108 usi
969 3051 1078 3130 sunt,
1097 3031 1142 3110 in
1160 3059 1324 3116 menses

279 3169 436 3275 aliquot
463 3167 590 3274 sputis
616 3165 904 3246 molestissimis
924 3167 1080 3268 vexari3
1108 3167 1326 3284 interdurn

278 3305 401 3385 etiam
415 3307 522 3386 ultra
533 3303 767 3384 triennium.
814 3303 1221 3411 'Hydrargyruscum
1236 3310 1325 3390 sul-

278 3439 371 3521 fure
401 3441 575 3522 similem
602 3439 748 3521 habuit
777 3417 946 3540 exitum,
973 3461 1013 3521 et
1047 3442 1180 3546 semel,
1208 3469 1326 3549 post·

271 3605 408 3689 ‘quam
430 3599 588 3658 sumtus
608 3577 740 3658 fuerat
769 3575 1036 3684 quadraginta
1054 3578 1151 3677 dies,
1180 3579 1324 3666 salivae

278 3742 449 3796 cursum
477 3713 677 3814 excitavit,
705 3713 890 3820 quinon
916 3713 995 3794 nisi
1021 3716 1195 3796 triennio
1227 3742 1326 3824 post

159 3883 162 3890 ¹
281 3852 481 3960 supprimi
500 3875 641 3958 posset.
689 3850 891 3930 Mulieres
911 3849 1023 3931 haud
1042 3881 1186 3957 paucas
1207 3858 1326 3957 novi,
1389 3841 1392 3848 ¹

279 4017 372 4096 quae
401 3989 544 4072 sumtis
575 3987 877 4070 medicamentis
908 3990 1214 4073 mercurialibus
1239 3992 1324 4076 hoc

279 4126 405 4207 modo
435 4123 593 4206 afflicta
612 4146 726 4224 sunt3
755 4124 825 4204 sed
853 4124 1060 4206 neminem
1089 4153 1243 4210 marem
1264 4131 1326 4214 sic

278 4262 476 4343 laborasse
495 4261 676 4343 memini.

234 4390 240 4398 ’
333 4399 394 4478 Ex
412 4397 490 4480 hoc
507 4419 621 4480 tanto
640 4396 795 4506 pituitae
811 4394 1014 4505 profluvio
1029 4429 1173 4509 corpus
1193 4425 1320 4512 atque
