2990 5078
621 491 714 586 121

151 699 248 782 vires
261 699 471 796 interdum
481 699 750 798 minuuntur;
779 697 988 802 interdum
1000 701 1193 788 constite-

149 851 256 936 runt,
275 837 366 918 licet
378 839 421 918 id
433 837 588 918 diutius
603 837 878 943 permanserit.
939 838 1130 924 Gravitas
1152 863 1191 924 et

148 973 261 1054 dolor
273 973 412 1080 capitis
422 973 538 1054 toties
551 975 735 1054 levantur
745 972 1010 1058 destillatione
1020 976 1194 1080 copiosa,

147 1137 192 1196 nt
210 1114 390 1195 dubium
410 1115 462 1194 sit
482 1113 665 1213 morbus,
684 1142 737 1194 an
756 1113 984 1194 remedium
1004 1115 1188 1215 dicatur;

146 1276 184 1334 et
204 1253 375 1356 proinde
404 1279 457 1331 an
477 1275 638 1350 temere,
663 1273 702 1331 et
722 1251 776 1352 vi,
806 1251 1006 1357 supprimi
1035 1252 1189 1333 debeat.

147 1387 322 1470 Morbus
351 1389 500 1496 inquo
530 1388 690 1493 pondus
710 1409 751 1468 et
780 1388 879 1468 lenis
904 1387 1020 1466 dolor
1050 1389 1217 1494 capitis,

146 1547 216 1625 est,
244 1553 344 1606 cum
362 1523 488 1624 febre,
516 1547 556 1604 et
575 1525 707 1604 tenuis
728 1525 882 1628 pituitae
912 1523 1193 1622 destillatione,

148 1663 358 1746 interdum
385 1659 433 1744 fit
457 1661 825 1766 frequentissimus,
854 1661 965 1740 unde
997 1661 1093 1766 aegri
1125 1661 1195 1740 ad-

147 1800 322 1880 modum
342 1800 556 1906 languent;
586 1817 624 1876 et
640 1797 758 1903 pauci
773 1796 943 1902 quidam
960 1797 1192 1898 inciderunt

99 1949 102 1956 ’
146 1937 189 2016 in
206 1935 368 2034 febrem
387 1937 551 2034 lentam,
571 1956 610 2014 et
623 1935 787 2014 sudores
803 1955 1037 2032 nocturnos,
1057 1954 1096 2014 et
1112 1933 1190 2014 fas-

147 2071 311 2170 tidium,
339 2093 379 2152 et
406 2072 540 2151 ulcera
559 2072 819 2176 pulmonum,
847 2093 887 2151 et
912 2071 1062 2169 tabem,
1093 2098 1189 2177 quae

148 2209 316 2288 biennio
332 2209 394 2288 vel
414 2209 589 2289 triennio
608 2207 907 2289 interfecerunt.

198 2345 440 2440 Destillatio‚
465 2373 556 2451 quae
577 2345 650 2424 diu
669 2344 814 2426 infesta
832 2343 978 2444 fuerat,
1006 2371 1114 2423 anno
1135 2372 1191 2424 ae-

145 2481 238 2562 'tatis
270 2483 567 2587 septuagesimo
595 2503 736 2588 sponte
757 2511 829 2562 sua
861 2481 978 2562 finita
996 2503 1065 2562 est.
1126 2483 1192 2560 ln-

148 2619 313 2702 terdum
331 2619 505 2726 paralysi
534 2619 831 2724 supervenienti
857 2619 982 2698 cessit.
1041 2618 1192 2722 Saepius
1225 2639 1241 2654 ·

149 2753 265 2836 desiit
297 2756 342 2836 in
372 2755 540 2835 asthma.
602 2755 901 2836 Medicamenta
932 2753 1191 2859 reprimentia
1268 2753 1269 2757 ‘

150 2921 297 2998 parum
317 2891 592 2997 profecerunt«
646 2895 797 2972 Cursus
828 2891 1013 2971 humoris
1041 2876 1193 2970 extrin-

148 3059 272 3131 secus,
302 3032 365 3111 vel
383 3029 639 3128 intrinsecae,
667 3029 719 3108 ab
739 3027 921 3127 auribus,
950 3027 1102 3107 minuit
1121 3028 1190 3108 de-

74 3151 75 3156 *
148 3168 394 3267 stillationes,
409 3168 491 3248 sive
504 3195 599 3248 casu
611 3189 738 3266 onus,
753 3195 824 3246 seu
839 3194 909 3272 per
924 3166 1190 3270 emplastrum

146 3304 392 3385 cantharidis
407 3331 456 3384 ex
475 3304 571 3386 locis
588 3305 730 3383 vicinis
747 3303 901 3384 elicitus
919 3302 981 3382 sit.
1042 3303 1191 3399 pilulae,

148 3467 246 3546 quas
279 3442 517 3524 catarrhales
549 3463 709 3540 vocant,
741 3468 789 3520 ex
827 3439 921 3544 opio
951 3461 1073 3546 atque
1104 3440 1191 3520 aloe

148 3579 393 3686 compositae,
422 3607 524 3686 saepe
544 3578 714 3686 quidem
743 3597 931 3674 avertunt
950 3575 1024 3656 hos
1045 3577 1191 3658 moles·
1219 3557 1224 3562 ¹

149 3713 322 3796 tissimos
334 3715 541 3816 humores,
556 3713 1006 3820 inflammationemque
1019 3714 1189 3796 leniunt.

147 3853 234 3932 'Ubi
251 3855 439 3954 os'dolet,
458 3855 661 3961 mucilago
682 3853 886 3934 seminum
900 3853 1078 3962 Cydonii
1093 3851 1191 3932 mali

145 3987 327 4092 jucunda
344 4015 416 4091 est,
434 4015 474 4073 et
485 3993 615 4098 juvat.
675 3991 881 4072 Adversus
896 3991 1107 4097 glandulas
1127 4015 1189 4070 re-
1216 4013 1220 4023 ·

147 4127 312 4229 solutas,
330 4157 437 4236 aqua
454 4129 798 4236 gargarizandum
816 4151 876 4210 est
894 4127 938 4208 in
958 4155 1042 4235 qua
1055 4147 1192 4207 cortex

154 4287 322 4366 quercus
348 4265 535 4348 decoctus
556 4289 615 4347 est
633 4293 732 4347 cum
750 4265 894 4371 exigua
913 4287 1025 4370 parte
1046 4263 1193 4344 alumi'-
1274 4371 1278 4374 -

154 4399 224 4482 nis.
280 4403 460 4511 Podagra
473 4405 705 4514 supervenit
722 4404 806 4504 sine
822 4403 1018 4511 profectu.
1066 4401 1188 4480 Unus

550 4577 660 4692 l

301 4684 315 4732 d
