3002 5086
464 523 470 538 '
597 545 702 668 etr

129 753 464 855 exercitationem,
492 775 606 862 tergo
630 755 801 837 obverso
819 753 907 862 igni
935 735 1176 860 luculento,

128 895 249 1000 quive
279 891 452 998 genibus
481 891 698 991 nituntur;
728 892 802 1000 qui
832 919 893 973 res
925 892 1168 1000 injucundaa

127 1030 464 1135 contemplantur,
478 1049 549 1109 aut
563 1027 780 1130 olfaciunt3
800 1027 845 1108 hi
856 1057 1012 1128 omnes,
1023 1057 1169 1140 quam-

128 1163 186 1244 vis
205 1163 371 1271 integrae
391 1163 646 1265 valetudinis,
665 1191 751 1246 non
770 1191 861 1246 raro
876 1165 1111 1268 concidunt,
1129 1187 1171 1247 et

128 1299 264 1381 animo
283 1286 542 1409 linquuntur.
600 1301 816 1408 Proprium
834 1297 916 1382 fere
945 1322 1004 1382 est
1022 1301 1170 1408 epilep-

126 1437 316 1538 ticorum,
343 1459 392 1518 ut
421 1465 542 1520 mane
571 1437 884 1546 expergiscentes
910 1433 1012 1520 fiant
1044 1439 1170 1520 inter·

127 1576 294 1676 mortui,
322 1597 362 1657 et
379 1575 608 1658 exanimati.

182 1713 397 1796 Interdum
414 1741 495 1793 usu
514 1713 638 1812 venit,
664 1733 713 1794 ut
731 1709 842 1794 idem
857 1713 1001 1820 saepius
1022 1697 1169 1794 'animo

127 1851 352 1958 linquatur,
378 1849 572 1932 brevibus
592 1848 836 1958 interpositis
858 1851 1004 1958 spatiis.
1063 1851 1170 1931 Sunt

128 1989 201 2096 qui
219 1987 426 2070 vomendo
445 1987 497 2068 ad
511 2015 552 2069 ee
570 1987 755 2088 redeunt,
772 1987 836 2067 vel
850 1987 1088 2096 dejiciendo,
1105 1987 1171 2068 vel

128 2123 363 2227 eructando,
382 2125 538 2234 quique
556 2125 608 2206 ad
619 2125 741 2206 breve
760 2146 919 2231 tempus
940 2146 1171 2232 queruntur

129 2263 369 2370 vertigines:
399 2262 467 2343 alii
486 2261 799 2370 quamprimum
817 2261 1064 2371 resipiscant,
1081 2291 1172 2344 om·

129 2399 227 2480 nino
246 2421 354 2482 recte
372 2399 517 2481 valent.
967 2483 979 2495 ,

182 2531 385 2619 Remedia
408 2513 679 2619 exinanientis
706 2533 988 2642 cujuscunque
1010 2525 1170 2642 ¹generis

131 2693 278 2753 nocent
296 2670 347 2782 iis
363 2671 437 2778 qui
456 2671 624 2756 obnoxii
639 2691 735 2752 sunt
749 2669 846 2752 huic
865 2669 1037 2752 affectui.
1095 2671 1174 2752 La·
1300 2651 1303 2672 ¹

131 2807 238 2889 vatio
254 2805 408 2914 frigida
426 2807 594 2914 profuit,
621 2807 696 2888 ubi
714 2807 851 2888 nullus
881 2807 982 2888 alius
1001 2807 1172 2890 morbus

130 2941 255 3026 fuerit
272 2965 418 3051 praeter
436 2944 581 3026 animae
601 2933 891 3025 defectionem:
921 2943 1036 3052 quod
1050 2943 1084 3024 si
1095 2942 1176 3024 ini·

133 3079 238 3162 tium
256 3081 448 3166 habuerit
464 3083 528 3164 ab
548 3083 625 3164 alio
644 3081 807 3183 morbo,
834 3080 913 3162 hoc
932 3101 1070 3162 sanato
1088 3079 1176 3188 ipsa

133 3213 311 3301 finietur.
369 3220 478 3301 Raro
497 3217 546 3301 fit
558 3241 607 3302 ut
625 3220 761 3300 anima
774 3218 928 3300 diutius
944 3213 1117 3318 deficiat,
1134 3237 1176 3298 et

133 3377 179 3436 ut
194 3383 301 3462 aeger
316 3355 562 3438 sineauxilio
577 3385 618 3440 se
631 3357 815 3472 colligere
827 3377 1012 3464 nequeat
1069 3353 1177 3437 Sales

134 3493 313 3576 volatiles
340 3493 507 3576 naribus
537 3493 716 3594 admoti3
745 3491 974 3575 fricationes
998 3493 1176 3599 corporis

133 3655 202 3736 per
229 3657 389 3739 pannos
408 3631 582 3734 calidos3
610 3653 651 3716 et
669 3631 859 3742 quaedam
884 3630 929 3712 in
948 3631 1088 3712 alvum
1115 3629 1179 3710 in-

133 3765 237 3870 fusa,
254 3767 375 3852 utilia
387 3792 521 3872 erunt,
538 3771 613 3852 ubi
629 3769 721 3878 quis
733 3769 808 3851 diti
819 3769 949 3877 jaceat
962 3767 1178 3850 intermor-

131 3925 241 3989 tuus.
301 3905 519 4016 Sanguinis
537 3908 678 3992 mirsio
698 3929 758 3992 est
776 3933 940 4024 prorsus
959 3905 1098 3990 aliena.
