3050 5084
253 699 471 812 Quantum
486 698 667 804 intelligo
686 725 734 780 ex
743 697 810 798 iis,
823 725 913 805 quae
929 699 979 793 de
998 672 1076 784 hoc
1091 705 1238 806 morbo

194 836 401 936 annotavi,
428 833 532 916 nihil
563 835 765 940 singulare
785 835 888 916 mihi
915 837 1094 940 obvenit,
1123 841 1236 950 quod

193 971 349 1054 usitata
369 971 558 1053 medendi
587 971 752 1052 rationis
774 973 1030 1060 autoritatem
1048 976 1111 1056 vel
1139 1003 1236 1058 con-

194 1106 342 1210 firmet,
370 1108 433 1188 vel
461 1109 573 1188 levet.
633 1084 801 1190 Constat
832 1109 1121 1192 abstinendum
1151 1139 1233 1194 essa

192 1245 246 1326 ab
264 1245 379 1325 omni
394 1265 511 1328 motu
524 1241 833 1344 vehementiore,
847 1266 886 1324 et
901 1244 1042 1346 calore,
1060 1245 1233 1362 ideoque
1319 1261 1321 1264 ’

193 1381 358 1464 uitanda
376 1409 458 1462 esse
477 1381 636 1480 vinum,
663 1379 814 1462 fercula
834 1382 1017 1482 lautiora,
1047 1385 1234 1464 conclave

192 1518 386 1617 calidum,
414 1509 554 1600 alvum
581 1517 705 1598 nimis
734 1519 952 1619 astrictam,
980 1541 1021 1600 et
1050 1520 1234 1628 qualern·

191 1679 356 1762 cunque
375 1654 498 1754 vocis,
527 1677 598 1738 aut
617 1653 769 1736 virium
790 1656 1102 1736 contentionem.
1162 1658 1235 1738 Ju-

193 1814 262 1874 vat
273 1791 446 1874 subinde
461 1792 620 1872 sorbere
632 1789 818 1872 infusum
834 1819 931 1872 rosae
939 1827 951 1892 3
971 1813 1010 1872 et
1024 1791 1233 1872 interdum

191 1957 295 2038 opus
306 1929 382 2010 erit
393 1931 569 2012 tinctura
583 1927 677 2036 opii.
726 1929 768 2013 si
780 1951 942 2009 tantum
954 1929 1134 2010 tribuam
1147 1931 1234 2034 opi-

190 2065 306 2147 nioni
325 2065 523 2172 populari,
550 2087 702 2152 utnon
730 2091 955 2171 repugnem
982 2093 1066 2176 quo
1093 2066 1230 2147 minus

191 2202 360 2310 exiguus
381 2203 543 2308 sanguis
563 2203 626 2283 bis
646 2223 717 2285 aut
735 2223 795 2284 ter
809 2201 1008 2302 mittatur,
1027 2202 1102 2282 ubi
1121 2230 1232 2309 mor-
1335 2179 1337 2184 ,

168 2342 173 2354 ’
191 2339 270 2420 bus
285 2367 371 2420 non
389 2339 512 2422 fuerit
530 2339 687 2446 gravis;
718 2361 895 2421 attamen
914 2367 1073 2420 summe
1088 2368 1231 2422 caven-

190 2476 294 2558 dum
312 2505 395 2558 esse
413 2503 553 2558 censeo
568 2506 591 2558 a
605 2475 719 2582 ‘larga
729 2498 769 2556 et
788 2475 927 2558 crebra
941 2475 1147 2582 sanguinis
1163 2475 1232 2558 de-

189 2613 396 2713 tractione,
408 2641 500 2722 quae
513 2639 609 2695 cum
623 2613 770 2694 morbo
784 2612 1031 2718 conspirabit
1042 2613 1093 2694 ad
1106 2641 1231 2720 aegro-

190 2772 284 2836 tum
302 2749 634 2836 exhauriendum.
1207 2751 1211 2759 ’

609 3093 716 3208 Gna
744 3097 809 3173 85.

536 3257 604 3338 De
624 3255 880 3338 Stentomote.

241 3423 471 3507 Tottottns
488 3391 1145 3522 steatomatosiqui-magnitudine
1157 3445 1229 3498 sua

190 3561 390 3644 deformes
410 3581 450 3638 et
472 3551 723 3636 incommodi
742 3571 850 3650 sunt,
878 3572 968 3632 tuto
987 3553 1230 3636 exscindun-

188 3721 272 3798 tur,
298 3717 339 3780 et
356 3694 425 3776 vix
453 3693 572 3776 aliam
591 3689 815 3772 admittunt
843 3688 1104 3770 curationem.
1163 3691 1230 3772 In-

191 3835 353 3922 terdum
373 3851 514 3940 sponte
533 3857 605 3910 sua
624 3824 835 3932 suppurati
854 3849 1164 3908 consumuntur.

245 3975 342 4054 Duo
370 3967 499 4075 pueri,
527 3967 624 4046 alter
643 3984 833 4069 quatuor,
861 3963 958 4044 alter
987 3984 1078 4044 octo
1102 3989 1229 4044 annos

189 4131 324 4210 natus,
341 4105 497 4212 ubique
519 4079 596 4210 'per
614 4125 759 4206 corpus
788 4099 1028 4180 universum
1047 4097 1230 4182 fetebant

188 4270 385 4345 tumores,
412 4242 509 4324 alios
539 4239 656 4321 nucia
683 4269 827 4350 parva,
855 4237 952 4326 alios
979 4235 1094 4318 nucis
1122 4263 1231 4316 mos-

188 4385 313 4478 chatae
327 4378 708 4492 magnitudinaqui
720 4379 771 4464 ad
784 4393 1018 4464 steatomata
1032 4371 1230 4456 referendi
