3050 5084
715 461 718 470 ’
834 519 936 616 338

415 725 602 834 Scapulae
619 721 798 834 q‘uoque,
818 727 882 808 vel
894 723 1130 818 universam
1149 715 1411 834 cutem,'pru·'

359 861 490 968 rigine
523 863 670 946 tentari
699 863 886 972 contigit,
921 851 1012 944 lic'et
1043 889 1117 944 nec
1146 863 1309 965 icterus,
1336 891 1410 947 nec

357 999 550 1104 quaelibet
569 999 782 1082 manifesta
794 1001 897 1082 cutis
912 1000 1009 1080 vitia
1023 997 1187 1080 fuerint.
1211 1003 1305 1081 Hoc
1320 1031 1408 1082 maa

359 1137 448 1214 lum
474 1137 673 1244 praeeipue
704 1159 858 1218 exercet
890 1145 1015 1236 senes,
1043 1157 1083 1254 et
1113 1137 1202 1217 illos
1228 1166 1409 1246 quorum

350 1271 549 1353 ‘valetudo
564 1296 603 1355 et
622 1275 725 1356 vires
747 1274 901 1356 morbis
922 1273 1059 1356 fraetae
1081 1297 1179 1355 sunt
1191 1309 1202 1375 ;
1223 1303 1328 1384 quos
1349 1275 1411 1357 in-

359 1409 493 1492 terdiu
509 1413 612 1492 male
627 1411 762 1512 habet,
781 1436 821 1494 et
840 1431 964 1493 noctu
981 1411 1160 1492 dormire
1179 1379 1379 1519 prohibet.

290 1599 292 1608 ‚
414 1547 524 1630 Usus
556 1549 696 1631 docuit
716 1579 862 1656 parum
884 1551 1021 1630 auxilii
1043 1577 1127 1630 esse
1147 1547 1209 1629 his
1229 1549 1346 1658 aegrir
1366 1551 1408 1632 in

358 1683 515 1765 balneo·
546 1687 723 1793 Spongia
744 1688 890 1794 spiritu
910 1687 995 1767 vini
1011 1683 1254 1785 madefacta,
1265 1709 1306 1768 et
1325 1687 1408 1768 cuti

321 1897 326 1902 .
358 1823 536 1924 admota,
547 1823 766 1930 aliquando
775 1823 1028 1932 pruriginem
1042 1821 1267 1930 perhoram
1279 1851 1406 1905 unam

360 1951 489 2041 eolvit.
548 1963 671 2067 Aqua
704 1961 748 2042 in
780 1987 863 2070 qua
893 1961 1008 2043 radix
1026 1960 1219 2041 hellebori
1238 1961 1322 2042 albi
1340 1961 1408 2043 de·

358 2117 471 2177 cocta
498 2120 571 2198 eet,
604 2097 833 2206 quomodo
854 2099 1109 2206 propositum
1127 2095 1209 2178 fuit
1222 2097 1405 2211 incapite
1469 2139 1473 2148 ·

256 2245 262 2256 '
358 2233 409 2314 de
424 2235 527 2315 cutis
543 2211 666 2336 vitiis,
678 2236 789 2317 hunc
802 2235 998 2317 morbum
1010 2233 1054 2314 in
1069 2231 1278 2314 nonnullis
1293 2251 1404 2342 p'ror-

357 2379 426 2452 rus
454 2373 627 2454 sustulit.
686 2371 844 2455 Profuit
869 2345 993 2454 etiam
1011 2372 1098 2452 loca
1116 2369 1256 2452 affecta
1275 2374 1403 2454 lavare

356 2538 463 2617 aqua
481 2510 545 2590 vel
568 2512 738 2610 marina,
770 2513 834 2592 vel
853 2511 975 2617 picea,
1005 2509 1069 2589 vel
1087 2509 1132 2590 in
1152 2534 1235 2616 qua
1253 2511 1400 2619 staphi-

266 2644 269 2652 ’
357 2647 431 2727 dos
447 2647 565 2754 agriae
582 2675 720 2728 semen
734 2647 949 2730 decoctum
968 2667 1040 2746 est,
1070 2645 1133 2726 vel
1152 2647 1196 2725 in
1216 2663 1302 2752 quet
1320 2649 1401 2729 alu·

357 2806 454 2865 men
468 2784 713 2866 dissolutum
728 2807 797 2866 est.
827 2783 1040 2866 Interdum
1056 2783 1154 2864 utile
1169 2768 1251 2865 fuit
1270 2787 1400 2866 ulcus·

342 2921 499 3036 ⁸'culum
513 2921 559 3000 in
577 2921 662 3002 ima
679 2945 719 3003 et
738 2920 926 3004 interiore
943 2919 1109 3001 femoris
1129 2943 1240 3026 parte
1258 2923 1399 3004 excita·

356 3079 459 3138 tum.
489 3059 572 3138 Vix
587 3059 699 3140 locus
714 3081 773 3140 est
788 3057 1091 3140 medicamentis
1111 3057 1222 3138 intus
1242 3058 1358 3142 datis.

776 3409 884 3488 Cur.
910 3408 977 3490 tr.
1014 3427 1017 3434 ·

663 3585 666 3592 ’
723 3565 789 3650 De
809 3569 1043 3678 Prterperio.

410 3735 574 3814 Ourt'ts
605 3749 761 3812 norunt
792 3753 841 3811 ex
873 3751 993 3836 partu
1026 3727 1182 3838 difficili
1209 3728 1304 3846 *fieri
1335 3759 1391 3811 eo·
1477 3781 1478 3847 Ν

353 3867 433 3950 lere
451 3895 658 3949 summam
676 3865 941 3966 debilitatem,
968 3887 1008 3948 et
1037 3865 1209 3967 febrem,
1236 3889 1277 3948 et
1296 3868 1390 3948 mle·
1474 3857 1477 3923 l

353 4005 775 4088 tudinemadversam.
810 4003 983 4084 Pustulae
1000 4003 1051 4084 ad
1070 4002 1401 4110 magnitudinem·

352 4143 516 4226 reminis
545 4141 663 4244 milii,
702 4168 792 4250 quae
822 4141 867 4220 in
895 4139 1079 4222 febribus
1094 4165 1386 4248 puerperarum

350 4281 559 4362 interdum
573 4301 810 4380 nascuntur,
827 4277 947 4360 unice
962 4277 1176 4377 debentur,
1194 4301 1243 4360 ut
1258 4275 1384 4360 multis

349 4417 526 4519 ¹videtur,
550 4417 673 4500 calori
692 4416 837 4518 nimio,
865 4441 991 4522 quem
1010 4413 1261 4504 famularum
1280 4414 1385 4498 sedu-
