3050 5084
811 501 914 606 369
986 617 990 624 ,

340 743 441 826 saepe
472 743 635 824 prorsus
655 713 870 800 finiuntur.
928 719 977 798 In
1006 717 1214 802 nonnullis
1240 743 1374 804 autem

262 840 266 854 ’
337 855 423 940 haec
431 854 528 936 vitia
540 854 686 936 relictis
699 855 882 961 partibus
894 855 1157 940 exterioribus
1169 857 1279 940 intus
1291 887 1377 940 ver-

334 995 498 1092 tumor,
511 1013 551 1072 et
565 993 805 1098 pulmonem
819 991 1052 1074 invadentis
1066 995 1149 1076 tabi
1164 995 1377 1078 insanabili

337 1151 477 1216 ortum
488 1129 598 1210 dant.
642 1131 842 1210 Tumores
854 1129 1141 1235 glandularum
1155 1133 1378 1234 exteriores,

335 1288 377 1348 et
396 1263 749 1365 inflammationes,
768 1267 968 1378 praecipue
980 1268 1148 1374 quidem
1163 1269 1377 1352 dominan-

335 1425 405 1484 tur
418 1405 463 1484 in
472 1431 640 1510 pueros,
652 1431 737 1484 non
752 1427 889 1485 tamen
907 1405 953 1484 in
964 1405 1052 1485 illos
1068 1408 1170 1487 solos
1185 1441 1196 1507 ;
1225 1407 1376 1488 etenim

335 1541 421 1622 vidi
432 1539 588 1622 circiter
599 1540 739 1621 decem
750 1537 935 1623 homines
947 1541 1377 1640 valetudinis‚utvide-

333 1677 469 1778 batur,
488 1676 687 1777 secundae,
715 1675 760 1756 in
780 1676 933 1784 quibus
961 1678 1162 1784 glandulas
1188 1679 1376 1789 lympha-

140 1913 151 1922 ,
333 1813 421 1896 ticae
433 1841 519 1894 non
533 1813 611 1894 nisi
627 1835 717 1920 post
732 1813 987 1924 trigesimum
1000 1817 1124 1896 aetatis
1140 1845 1298 1898 annum
1314 1818 1376 1899 in·

208 1945 216 1966 ⁵
333 1973 554 2033 tumescere
587 1959 824 2058 coeperunt}
853 1950 898 2030 in
927 1977 1015 2032 uno
1037 1953 1159 2033 etiam
1188 1974 1228 2034 et
1250 1953 1375 2038 altero

327 2087 416 2196 jam
426 2085 509 2167 fere
524 2087 777 2193 sexagenario
793 2109 931 2168 tumor
943 2087 1125 2194 primum
1136 2113 1374 2196 conspectus

332 2245 403 2305 est.
459 2223 588 2330 Origo
599 2223 721 2330 hujus
741 2225 838 2304 mali
850 2225 894 2304 in
913 2225 1003 2324 illis,
1015 2224 1089 2332 qui
1105 2225 1261 2306 'bonam
1280 2249 1374 2309 aeta-

332 2361 384 2444 tis
403 2383 559 2468 partem
571 2361 657 2441 sani
672 2384 854 2468 egerunt,
872 2361 1089 2442 tribuenda
1103 2361 1373 2445 videtur'mu·

330 2499 624 2609 tationissvictus
650 2499 695 2578 in
713 2499 850 2579 minus
870 2499 1095 2580 salutarem.
1153 2503 1276 2608 Aqua
1293 2501 1374 2581 im·

329 2663 446 2746 pura,
460 2663 505 2766 ap
520 2637 678 2742 saponis
698 2635 924 2742 impatiens,
938 2663 1072 2717 unum
1085 2637 1226 2717 saltem
1243 2665 1292 2718 ex
1307 2637 1371 2718 his

329 2773 476 2854 adultis
495 2773 540 2853 in
559 2794 759 2852 strumam
777 2771 988 2878 conjecisse
1006 2773 1099 2880 jure
1118 2773 1368 2866 censebatur.

286 2923 293 2940 ‘
327 2911 532 3018 Hicenim
548 2911 611 2990 vir
625 2911 715 3016 plus
727 2909 893 3014 triginta
907 2938 1033 2990 annos
1047 2909 1199 3014 riserat
1212 2911 1369 3018 integer

328 3051 380 3130 ab
393 3049 507 3130 omni
519 3049 607 3129 labe
618 3070 831 3147 strumosa,
842 3045 958 3153 cujus
970 3047 1084 3152 signa
1095 3069 1187 3128 tum
1198 3047 1370 3130 demum

327 3186 960 3290 veneruntinconspectum,cum
972 3183 1368 3296 hujusmodiaquam

326 3349 474 3430 paucos
488 3349 613 3402 annos
626 3321 802 3402 bibisset.
844 3321 1368 3431 Glandulaeverolympba·

326 3461 415 3541 ticae
443 3460 487 3538 in
520 3458 622 3540 collo
650 3479 689 3537 et
717 3457 834 3538 axilla
866 3458 1086 3564 pergebant
1118 3465 1288 3559 tumere,
1327 3481 1367 3542 et

324 3595 532 3677 interdum
548 3594 838 3700 supputabant,
852 3594 1052 3700 quamdiu
1066 3593 1129 3674 his
1145 3594 1262 3701 aquis
1277 3618 1363 3676 ute·

323 3733 460 3814 batur:
477 3757 620 3812 verum
635 3753 852 3837 postquam
864 3731 1070 3838 puriorem
1082 3731 1221 3814 bibere
1233 3759 1365 3838 coepe-

225 3975 229 3984 ¹
323 3867 398 3972 rat,
416 3893 594 3951 tumores
614 3869 809 3976 paulatim
828 3869 1065 3970 recedentes,
1091 3868 1257 3951 tandem
1276 3895 1364 3949 om-

206 3987 209 3994 *
323 4037 394 4090 nes
413 4000 616 4088 consumti
636 4027 732 4086 sunt
748 4039 759 4105 3
788 4033 920 4112 neque
940 4028 1030 4112 post
1047 4007 1217 4113 triginta
1235 4033 1361 4087 annos

322 4141 562 4228 redies-ante
592 4141 808 4222 Glandulae
816 4130 1360 4252 thy'roidistumorfrequens

359 4351 377 4389 *
392 4347 498 4408 Incolae
512 4349 665 4429 cujusdam
675 4347 754 4408 urbis
768 4345 890 4409 Gallice
906 4345 1153 4429 (Rheims),du1n
1166 4347 1250 4424 aquis
1260 4361 1359 4432 putea·

318 4447 395 4535 labus
405 4451 569 4522 utebantur,
577 4453 651 4514 adeo
659 4449 757 4514 afflicti
766 4465 849 4514 erant
857 4450 942 4514 malis
950 4453 1110 4524 spumosis,
1118 4467 1151 4513 ut
1159 4449 1360 4513 nosocomium
