3104 5084
652 558 754 674 277

186 793 433 867 murcatum,
464 766 530 848 vel
561 764 740 873 pilorum
768 765 812 846 in
846 773 933 850 ae're
964 769 1221 850 volitantium

186 901 294 1014 (quae
313 906 439 1011 nigrae
460 923 556 984 sunt
573 902 618 984 in
633 903 735 1004 luce,
753 923 793 984 et
807 903 933 1010 igneae
954 904 998 986 in
1016 907 1222 1008 tenebris),

183 1044 244 1124 vel
259 1060 398 1124 rerum
416 1039 736 1139 multicolorum,
763 1041 828 1121 vel
846 1043 1218 1148 multiplicatarum

181 1177 420 1260 Meminisse
438 1197 574 1258 tamen
591 1195 748 1282 oportet
765 1176 837 1257 hae
851 1200 992 1260 onmes
1004 1178 1113 1261 visus
1133 1203 1222 1286 per-

181 1314 432 1398 turbationes
445 1311 672 1420 contigisse,
682 1333 722 1394 et
733 1339 781 1394 ex
795 1312 843 1394 iia
856 1315 1070 1396 nonnullas
1082 1317 1221 1398 decem

183 1479 313 1534 annos
341 1437 619 1558 perseverasse,
647 1449 802 1556 integra
828 1451 992 1532 videndi
1020 1451 1222 1556 facultate,

158 1695 160 1699 ,
180 1590 394 1697 oculisque
413 1613 576 1696 prorsus
597 1587 756 1668 illasio·

237 1725 403 1808 Caecitas
415 1725 740 1831 accessitetpoat
753 1751 897 1831 paucae
911 1723 1029 1832 horae
1043 1725 1224 1827 decessit,
1290 1748 1293 1754 ·

179 1862 300 1970 quod
311 1859 533 1944 identidem
544 1859 699 1942 factum
712 1881 783 1961 est,
797 1861 864 1942 sed
877 1861 1116 1963 inordinate,
1130 1864 1223 1942 nul-

180 2000 228 2085 lia
254 1999 374 2080 certia
398 1997 534 2105 spatiis
559 1995 830 2103 interpositis3
858 2023 989 2105 eoque
1016 1997 1222 2082 dissimilia
1316 2081 1319 2088 ⁴

180 2137 436 2248 nyctalopiae,
451 2163 542 2244 quae
556 2137 724 2243 singulis
739 2135 926 2217 noctibus
942 2137 1081 2218 eadem
1095 2137 1223 2220 ferme

182 2274 285 2358 hora
299 2273 412 2354 redit.
469 2272 570 2354 Vidi
589 2296 733 2380 paueat
762 2271 999 2378 hujusmodi
1019 2248 1242 2375 caecitatem*

181 2410 277 2518 q'uae
295 2409 462 2491 tandem
476 2435 616 2491 omnes
631 2395 817 2515 prospere
831 2405 955 2488 finita
969 2429 1078 2508 sunt,
1096 2409 1223 2490 oculis

180 2549 228 2628 in
254 2545 475 2654 pristinum
503 2567 655 2628 etatum
673 2533 903 2628 restitutio
935 2545 1014 2626 Vir
1040 2547 1223 2652 quidam,
1310 2565 1313 2574 ’

183 2685 328 2768 dextro
340 2683 458 2766 oculo
470 2705 623 2790 captur,
635 2703 726 2790 poet
742 2679 1050 2790 quatuordecim
1064 2683 1147 2764 dies
1163 2711 1225 2764 re-

185 2842 342 2903 creatus
372 2841 455 2920 eet3
484 2841 525 2900 at
554 2821 677 2900 laevus
705 2819 847 2902 oculus
881 2818 1065 2925 protinus
1095 2847 1223 2900 caecur

182 2957 315 3040 factus
335 2979 406 3058 eet,
424 2979 464 3038 et
482 2955 533 3036 ad
552 2977 728 3038 mortem
746 2980 877 3062 usque
896 2959 1127 3062 permansit.
1244 2995 1250 3008 ·
1295 2969 1298 2976 '

243 3093 534 3194 Suffiuionem,
551 3093 635 3174 eive
653 3115 904 3194 cataractam,
930 3093 1117 3198 precedit
1135 3093 1228 3175 cali-

185 3261 254 3340 go,
282 3231 399 3338 quasi
418 3229 544 3310 oculis
563 3251 684 3312 tenue
703 3229 841 3312 velum
863 3224 1093 3310 obductum
1111 3251 1222 3312 ester.

184 3369 362 3475 Signum
390 3366 513 3473 hujus
537 3365 627 3448 vitii
655 3389 714 3449 eet
743 3365 896 3476 pupilla
920 3365 1107 3466 colorata,
1133 3393 1226 3474 qua:

185 3506 312 3588 debet
330 3503 559 3610 eree'nigra.

243 3643 292 3724 In
306 3641 484 3749 quadam
494 3643 708 3724 oculorum
720 3637 991 3722 imbecillitate
1000 3639 1114 3747 agris
1127 3667 1228 3748 rape

187 3805 334 3862 omnes
353 3807 415 3863 rea
435 3779 629 3864 videntur
647 3777 857 3885 duplicata
876 3807 885 3870 ;
913 3777 1077 3860 cuidem
1092 3801 1229 3861 autem

187 3916 432 3998 videbantur
455 3915 783 4023 quadruplicata.

247 4053 415 4160 Pupilla,
443 4078 570 4162 quam
596 4052 773 4133 maxime
792 4047 880 4132 lieri
893 4067 1036 4158 potent,
1054 4049 1231 4151 dilatata,

98 4271 103 4280 .
186 4217 279 4298 quae
305 4215 473 4298 quoque
501 4190 669 4294 admoto
697 4187 906 4270 sublatere
932 4187 1088 4276 lumine
1115 4187 1230 4270 haud

187 4327 359 4410 omuino
369 4349 572 4428 movetur,
590 4321 741 4408 dicitur
754 4347 871 4432 gutta
885 4351 1040 4426 serena3
1069 4345 1109 4407 et
1121 4325 1231 4408 vide·
1292 4325 1295 4341 '

189 4485 352 4548 turette
365 4489 589 4550 nervorum
600 4463 830 4578 opricomm
842 4461 1044 4546 resolutio.
1102 4461 1233 4544 Modo
