2990 5078
817 437 1011 538 90¹

324 667 417 730 aetas
445 668 585 728 secura
602 663 675 744 est,
704 669 727 724 a
746 641 918 748 pueritia
942 669 1073 754 usque
1097 645 1150 728 ad
1172 643 1353 752 octogesi-

184 799 192 826 '
322 809 444 864 mum
458 781 549 864 vitae
566 807 739 863 aunum.
789 781 949 888 Torpor
970 781 1140 889 quidam
1155 783 1353 864 interdum

322 919 404 1008 fuit
423 918 474 1000 ad
493 918 611 1004 horas
631 917 787 1024 aliquot
806 939 896 1023 post
917 918 1179 1020 accessionem
1208 920 1353 1027 saepius,

322 1054 399 1139 uhi
411 1083 553 1140 earum
576 1071 762 1161 'tempora
780 1055 1073 1160 praeterierunt,
1100 1055 1240 1136 omnia
1258 1056 1355 1137 mala

322 1192 628 1299 conquiescunt

378 1329 506 1443 Quod
536 1329 588 1410 ad
622 1328 877 1414 curationem
915 1327 1072 1430 attinet,
1101 1355 1355 1436 quoscunque

319 1497 465 1576 corpus
480 1467 732 1565 exinaniunt,
747 1487 818 1546 aut
833 1493 1080 1571 supervacua
1094 1465 1275 1566 fuerunt,
1288 1488 1354 1547 aut

317 1605 562 1712 perniciosa3
592 1603 704 1684 nulla
715 1623 852 1682 autem
867 1603 995 1708 magis
1008 1631 1137 1710 quarn
1150 1603 1353 1714 sanguinis

317 1743 468 1824 missio.
526 1741 818 1848 Cataplasmata
839 1741 1007 1826 molesta
1026 1763 1136 1842 sunt,
1163 1763 1205 1856 et
1230 1767 1356 1849 aegro-

316 1881 495 1979 tantium
527 1877 797 1964 calamitatem
825 1877 962 1982 potius
993 1901 1154 1982 augent.
1214 1881 1355 1984 Cortex
1472 1963 1473 1980 Ν

316 2017 520 2098 Peruanus
540 2043 647 2121 saepe
658 2013 775 2113 fallit,
793 2013 941 2118 pariter
956 2041 1000 2094 ac
1015 2015 1130 2100 radix
1142 2015 1352 2100 valerianae
1472 1987 1473 2010 ἶ

316 2152 533 2261 sylvestris,
560 2150 723 2258 gummi
752 2147 910 2250 foetida,
938 2151 1120 2260 myrrha,
1148 2153 1353 2248 moschus,
1472 2255 1473 2268 Ν

314 2287 547 2395 camphora,
591 2288 748 2396 opium,
786 2313 928 2368 succus
966 2287 1126 2388 cicuta,
1169 2291 1352 2394 pulveres
1472 2269 1473 2276 l

313 2447 631 2512 sternutamenta
642 2445 862 2533 moventes,
872 2424 1086 2532 emplastra
1095 2425 1352 2526 cantharidis,

312 2562 447 2647 ulcera
484 2563 561 2652 alte
597 2533 746 2660 imiza,
773 2557 1057 2660 electrificatin
1086 2561 1273 2644 fomenta
1309 2589 1354 2646 ex
1472 2563 1473 2578 '

238 2703 240 2708 ’
311 2698 455 2796 cicuta,
482 2699 628 2784 lavatio
647 2695 799 2804 pedum
819 2697 966 2804 tepida,
995 2695 1123 2780 aether
1137 2697 1258 2786 faciei
1276 2697 1352 2782 illi-

312 2855 392 2935 tus,
410 2835 472 2916 vel
492 2833 654 2942 spiritus
670 2833 771 2933 vini,
789 2833 1053 2924 linimentum
1076 2835 1240 2940 saponis
1257 2861 1353 2916 cum

310 2972 374 3056 vel
397 2971 482 3054 sine
509 2972 687 3058 tinctura
719 2955 816 3076 opii,
844 2972 980 3064 oleum
1009 2971 1176 3070 succini,
1208 2970 1353 3062 arteria
1472 2991 1473 2998 ‘

242 3201 245 3208 ,
308 3109 538 3216 temporalis
550 3108 688 3207 incisa,
707 3098 927 3215 dentesque
942 3105 1054 3190 refixi
1069 3143 1081 3210 3
1111 3125 1246 3218 neque
1262 3085 1352 3216 plus

307 3245 464 3353 profuit
483 3245 765 3352 superveniens
778 3239 966 3353 podagra.
1007 3248 1201 3329 Attamen
1213 3268 1353 3328 cortex

306 3379 531 3498 cinchonar
552 3380 762 3466 interdum
795 3381 947 3468 auxilio
974 3379 1068 3481 fuit,
1097 3409 1232 3488 neque
1267 3405 1360 3480 tam

306 3545 411 3620 raro,
425 3514 528 3627 quin
540 3519 697 3627 primus
709 3521 821 3606 locus
840 3520 936 3605 huic
949 3520 1247 3616 medicamento
1256 3521 1351 3628 jure

305 3655 548 3758 tribuendus
569 3657 637 3758 sit;
667 3657 790 3763 hujus
803 3656 969 3738 unciam
989 3656 1172 3763 quotidie
1187 3685 1360 3740 sumere·

303 3794 610 3898 oportetindies
627 3815 790 3905 septem.
822 3793 1046 3902 Emplastra
1058 3821 1154 3902 quae
1168 3795 1352 3922 erodunt

237 3949 247 3958 ·
302 3933 380 4040 sub
394 3933 560 4015 auribus
569 3932 973 4040 impositainterdum
984 3931 1133 4012 doloris
1142 3931 1350 4038 impetum
1472 3941 1473 4014 Γ

300 4068 543 4176 mitigarunt
549 4105 560 4170 ς
591 4097 724 4176 neque
737 4091 898 4150 tantum
915 4069 1023 4152 succi
1038 4069 1196 4169 cicutae,
1213 4097 1359 4176 quan-2

300 4227 392 4292 tum
412 4207 497 4322 sine
516 4197 713 4313 vertigine
733 4205 842 4287 sumi
860 4207 998 4313 possit,
1017 4233 1102 4288 non
1121 4205 1349 4314 aliquando

300 4341 870 4450 prosperumexitumhabuit.
896 4341 1201 4454 lnquibusdam
1211 4344 1350 4452 aegrlS,
1472 4391 1473 4448 ?
