3050 5084
795 473 900 583 354

330 690 457 799 guttis
477 687 745 796 quadraginta
764 685 1010 768 horasornni
1030 707 1173 769 sumtae
1188 711 1368 769 summo-
1493 712 1494 754 ι

330 848 479 908 verunt
490 825 750 906 distentiones
764 851 854 931 quae
865 824 1033 931 singulis
1043 821 1230 906 noctibus
1242 825 1370 906 redire

332 983 623 1046 consueverant
638 959 804 1041 diutius.
853 961 1066 1041 Interdum
1081 961 1289 1044 accedente
1300 991 1371 1068 po-
1493 957 1494 998 v

331 1103 455 1208 dagra
473 1099 733 1180 distentiones
752 1099 985 1180 existimarae
1005 1123 1101 1180 sunt
1115 1100 1372 1208 aliquantum

332 1237 634 1346 conquiescere:
665 1236 797 1316 multo
817 1237 960 1343 saepius
980 1263 1028 1318 ex
1046 1238 1113 1318 illa
1128 1237 1371 1320 novaevires
1494 1325 1495 1350 Ν

332 1371 646 1484 acquisiverunt.
669 1397 674 1406 ·
706 1369 857 1456 Manus
886 1375 1081 1474 mulieris,
1109 1399 1200 1482 qua
1220 1377 1372 1458 multos

331 1539 487 1595 menses
517 1493 649 1592 luerat
676 1507 918 1591 distentione
948 1512 1093 1610 clausa,
1121 1533 1161 1594 et
1190 1513 1303 1594 nulla
1332 1511 1373 1593 vi

332 1651 478 1760 aperiri
496 1649 641 1756 potuit,
670 1648 806 1756 digitis
827 1645 926 1729 adeo
951 1647 1109 1730 fortiter
1137 1652 1375 1756 compressis

333 1811 382 1872 ut
399 1815 556 1895 ungues
573 1788 631 1868 in
649 1787 785 1866 volam
804 1779 950 1868 manus
976 1787 1302 1894 penetravissent,
1328 1787 1375 1870 in

334 1926 479 2006 balneo
507 1926 692 2031 protinus
712 1919 841 2004 soluta
866 1945 936 2004 est.
995 1923 1188 2028 Ejusdem
1207 1951 1378 2033 quoque

334 2061 514 2144 mulieris
526 2087 671 2167 corpus
690 2087 787 2142 cum
807 2060 930 2140 simili
945 2059 1069 2140 modo
1087 2059 1219 2143 fiterat
1236 2062 1376 2144 ineur-

333 2219 490 2300 vatum,
518 2197 659 2280 eodem
679 2197 828 2278 auxilio
847 2195 890 2276 in
911 2217 1090 2277 erectum
1117 2196 1243 2278 situm
1262 2201 1378 2282 resti-

335 2356 475 2417 tutum
504 2355 573 2416 est.
632 2331 779 2416 Balnea
797 2331 1019 2414 Bathonica
1048 2331 1181 2413 nescio
1206 2361 1260 2416 an
1289 2337 1376 2416 solo

336 2472 465 2553 calore
476 2470 591 2576 agris
604 2469 663 2552 ibi
675 2469 903 2551 lavantibus
919 2469 1195 2577 opitulantur3
1223 2472 1377 2554 etenim

337 2607 440 2690 nihil
459 2607 620 2688 videtur
635 2607 835 2706 interesse,
848 2599 893 2685 in
903 2605 979 2686 lias
998 2633 1136 2712 aquas,
1149 2635 1203 2688 an
1221 2606 1267 2688 in
1280 2609 1377 2692 alias

336 2770 601 2852 quascunque
616 2771 730 2850 acque
741 2743 893 2850 tepidas
906 2742 1159 2825 descendant.
1208 2743 1378 2828 Levatio

334 2881 485 2990 frigida
502 2881 547 2962 in
566 2880 629 2961 his
649 2879 805 2960 morbis
823 2879 978 2960 inutilis
997 2877 1093 2960 fuit.

636 3092 1036 3152 ‘W
1098 3177 1101 3182 .

619 3267 624 3274 ’
757 3251 864 3332 Csr.
886 3253 952 3332 84.

640 3412 709 3494 De
729 3411 867 3522 Spretis
887 3411 1071 3494 crissatis.

392 3575 545 3656 Senta
567 3593 747 3671 cruenta,
773 3571 850 3653 ubi
873 3570 1035 3677 sanguis
1064 3599 1086 3652 e
1112 3569 1376 3680 pulmonibus

337 3711 480 3811 fertur,
493 3733 533 3791 et
547 3707 754 3792 tussiendo
769 3707 939 3814 ejicitur,
953 3733 1038 3790 non
1053 3707 1201 3815 injuste
1215 3729 1375 3792 terrent.

338 3852 395 3929 At
414 3875 510 3928 cura
522 3873 623 3953 opus
643 3865 715 3946 est,
732 3865 780 3928 ut
799 3843 852 3926 ab
871 3844 940 3933 illo
955 3847 1102 3926 morbo
1115 3845 1378 3948 discernatur,

336 3987 381 4096 in
397 4011 480 4094 quo
500 4011 621 4064 cruor
633 3981 718 4063 sine
733 4003 841 4063 tusse
852 4009 875 4061 a
887 3981 1095 4064 stomacho
1106 3982 1301 4084 vomitur,
1315 3983 1377 4065 vel

333 4121 540 4226 erratibus
564 4121 609 4200 in
627 4118 762 4200 fauces
789 4118 972 4200 destillat.
1031 4119 1265 4228 lmpuberes
1285 4145 1374 4202 raro

334 4279 585 4365 occupantur
603 4257 681 4338 hoc
713 4255 832 4338 malo.
891 4257 1026 4342 Etiam
1046 4257 1120 4365 qui
1142 4257 1290 4341 tabidis
1309 4287 1377 4366 pa·

334 4393 519 4478 rentibus
548 4393 769 4495 natisunt,
796 4391 940 4500 stipsi
968 4395 1059 4480 tabe
1088 4417 1259 4504 pereunt
1285 4415 1375 4479 ante
1412 4485 1420 4504 ‚
