3104 5084
306 679 406 774 adeo
418 699 562 778 tumet,
573 698 621 760 ut
632 677 684 760 ab
697 676 865 760 arctiore
880 673 1026 790 quovis
1039 675 1204 776 vinculo
1215 697 1346 759 strane

302 816 522 924 gulationis
541 815 769 922 periculum
786 813 963 896 instaret.

357 951 575 1058 Sanguinis
594 951 733 1032 missio
747 951 873 1057 vulgo
887 949 1138 1032 existimatur
1149 977 1231 1032 esse
1243 975 1345 1058 ptaee

142 1083 171 1149 '-
286 1087 578 1171 ·sentissimum
591 1071 1091 1188 attonitorumauxilium3
1111 1108 1151 1168 et
1162 1085 1342 1194 profecto

301 1227 378 1308 ubi
395 1253 499 1333 aeger
516 1222 685 1306 florente
704 1225 756 1306 sit
774 1246 900 1324 aetate,
927 1245 967 1304 et
986 1225 1182 1332 sanguine
1210 1223 1342 1305 abun.

228 1369 237 1378 '
301 1361 383 1462 det,
409 1383 450 1444 et
468 1361 707 1444 lautioribus
727 1360 853 1466 epulis
874 1383 1053 1443 assuetus
1071 1359 1210 1460 fuerit,
1237 1387 1341 1442 vena

242 1551 247 1560 ,
300 1498 387 1580 sine
406 1525 520 1580 mora
533 1520 593 1578 est
602 1495 848 1580 incidenda..
876 1497 1288 1604 veruntamenlargae
1299 1517 1340 1578 et

299 1635 475 1742 repetitae
503 1633 712 1742 sanguinis
731 1633 995 1717 detractiones
1024 1633 1219 1716 omnibus
1242 1661 1340 1740 apo-
1383 1709 1386 1716 ,

298 1771 476 1880 plecticis
506 1793 547 1854 et
578 1769 820 1881 paralyticis,
851 1773 966 1854 nullo
995 1772 1153 1854 delectu
1184 1769 1340 1870 habito,

165 1969 168 1972 -
296 1903 451 1992 utiliter
481 1930 552 1990 aut
570 1929 672 2022 ,tuto
700 1904 883 1990 adhiberi
913 1929 1017 1990 certe
1046 1935 1134 1990 non
1155 1928 1335 2021 possunt.

298 2045 462 2127 Etenim
474 2027 681 2153 juniores,
700 2065 741 2126 et
758 2045 930 2145 robusti,
957 2071 1043 2126 non
1060 2065 1147 2126 tam
1170 2043 1345 2126 obnoxii.

242 2250 246 2258 ,
297 2205 396 2265 sunt
412 2182 476 2264 his
495 2183 665 2284 morbis,
683 2191 810 2289 quam
830 2183 944 2288 pueri
962 2179 1132 2282 infirmi,
1150 2201 1190 2262 et
1208 2178 1340 2294 effoeti

296 2347 422 2421 senes,
436 2321 480 2402 in
500 2320 652 2428 quibus
678 2319 782 2402 vires
801 2319 1027 2400 nutrienda
1047 2341 1156 2419 sunt,
1174 2339 1214 2400 et
1231 2316 1337 2399 exci-

295 2457 443 2556 tandae,
472 2459 607 2568 potius
636 2485 764 2565 quam
786 2457 1046 2558 minuendae3
1073 2456 1177 2540 dum
1201 2455 1337 2538 multa

295 2593 503 2701 sanguinis
515 2594 711 2702 profusio,
726 2593 1077 2702 quemadmodum
1091 2593 1138 2674 in
1150 2592 1335 2674 eubmer·
1453 2623 1460 2636 ·

294 2730 348 2812 sis
361 2729 448 2812 fieri
459 2731 622 2831 dicitur,
633 2757 773 2812 omnes
785 2753 940 2812 naturae
955 2751 1124 2812 conatus
1136 2727 1336 2836 reprimit,

293 2887 479 2949 ettenues
490 2868 582 2948 vitae
594 2866 782 2974 reliquias
794 2867 953 2975 penitus
962 2866 1172 2972 extinguit.
1204 2862 1334 2980 Quod

292 3002 328 3084 si
339 2991 596 3086 consulamus
608 3003 907 3115 experientiam,
920 3003 1018 3103 hac,
1027 3021 1334 3110 quantumpos·

293 3167 387 3222 sum
392 3140 588 3248 judicare,
601 3163 770 3222 testatur
785 3140 962 3247 copiosas
975 3138 1182 3246 sanguinis
1200 3137 1333 3219 missi·

291 3304 388 3358 ones
404 3305 507 3384 saepe
522 3277 719 3379 nocuisse,
732 3305 878 3384 easque
890 3277 935 3357 in
953 3303 1039 3358 non
1053 3274 1190 3383 paucis
1206 3299 1332 3381 aegro-

292 3409 344 3500 ti's
363 3412 633 3496 tutiusfuisse
647 3414 941 3522 praetermissas.
1020 3507 1024 3510 ,

283 3555 295 3572 “
345 3550 564 3632 Nonnullis
588 3533 833 3658 'persuasum
852 3572 911 3632 est
938 3527 1162 3657 apoplexiae
1188 3555 1338 3630 omnes·

289 3685 457 3796 initium
472 3679 620 3770 habere
639 3717 662 3770 a
679 3687 810 3770 nimio
829 3687 1038 3794 sanguine,
1066 3685 1141 3793 qui
1159 3684 1271 3766 venis
1282 3705 1336 3768 et

288 3823 441 3906 arteriis
460 3809 657 3927 distentis,
684 3799 748 3908 vel
767 3824 910 3932 ruptis,
928 3821 1140 3926 cerebrum
1153 3818 1333 3929 compri-

285 3961 365 4044 mit
380 3995 392 4063 ;
421 3989 554 4070 neque
565 3962 686 4044 aliam
701 3961 927 4070 quamlibet
944 3959 1066 4068 hujus
1086 3957 1223 4040 morbi
1234 3985 1331 4040 cau-

285 4127 374 4180 sam
386 4101 622 4182 admittunt.
664 4101 859 4184 Attamen
873 4097 970 4180 huic
982 4095 1166 4205 opinioni
1179 4121 1337 4204 pamm

286 4235 398 4322 favet
411 4236 591 4338 infirma,
608 4265 652 4321 ac
667 4236 825 4345 perdita
834 4234 1023 4320 valetudo
1038 4234 1337 4342 plerorumque:

283 4373 330 4460 in
360 4401 463 4491 quos
492 4371 657 4466 affectus
687 4373 921 4492 apoplectid
953 4369 1157 4464 incidunt
1211 4371 1332 4458 Tum
