3050 5084
185 807 290 868 etate
308 803 532 866 conaretur.
574 783 667 862 Post
686 778 1004 889 sesquimeneem
1022 783 1104 866 cibi
1122 783 1236 892 cupi*

185 921 304 1022 ditae,
318 945 570 1026 somnusque
585 917 892 1019 minuebantur,
906 921 1046 1026 pulsus
1058 922 1234 1002 concita*

185 1057 322 1158 batur,
349 1055 561 1138 accedebat
579 1055 759 1160 spirandi
777 1053 1007 1156 difficultas,
1035 1079 1076 1140 et
1096 1059 1232 1164 paucis

187 1216 280 1304 post
297 1193 442 1311 diebus
462 1219 565 1300 aeger
584 1193 783 1274 extinctus
803 1215 874 1279 est.
930 1195 1042 1276 Alios
1062 1195 1149 1276 vidi
1167 1223 1235 1278 eo-
1328 1245 1330 1250 ,

185 1331 282 1414 dem
301 1359 408 1448 pene
421 1329 546 1412 modo
565 1331 804 1430 laborantes,
823 1310 892 1412 sed
911 1333 1044 1414 multo
1062 1332 1235 1434 acutius,

185 1467 242 1550 'aie
264 1491 312 1554 ut
331 1459 478 1578 'paums
493 1465 781 1578 tantummodo
801 1465 885 1548 dies
901 1467 1185 1575 superfuerint,

522 1699 907 1744 Q

553 1791 562 1949 ¹.
614 1841 721 1922 Cae.
750 1841 816 1924 79.

512 2001 580 2084 De
602 2000 910 2086 Riteumetimzo.

238 2163 401 2246 Mum
415 2159 587 2263 doloret,
598 2159 750 2270 quibua
763 2163 933 2248 nomina
944 2161 1133 2244 nondum
1145 2188 1238 2268 pru

191 2299 281 2408 pria
299 2297 489 2406 imposita
503 2320 613 2399 eunt,
632 2291 873 2408 quanquam
891 2299 997 2382 inter
1015 2327 1056 2380 se
1076 2299 1240 2400 distent,

191 2465 242 2518 ex
256 2435 385 2518 cautis
400 2437 520 2542 longe
535 2433 703 2526 diversit
720 2437 811 2537 orti,
831 2441 968 2520 tamen
986 2437 1039 2520 ad
1049 2435 1239 2520 rheuma·

192 2571 518 2682 tiemumpariter
526 2571 767 2654 referuntur.
801 2575 942 2686 Quem
950 2574 1239 2657 morbumnon

193 2734 350 2818 semper
372 2709 488 2792 facile
506 2731 566 2792 eet
584 2709 807 2792 discernere
826 2740 849 2792 a
868 2711 1119 2819 quibusdem
1137 2711 1239 2812 aliia,

195 2849 269 2957 qui
284 2848 408 2930 etiam
419 2869 570 2930 certam
585 2825 1153 2956 appellationemclaesemque
1165 2850 1240 2930 ob-

193 2985 419 3067 tinuerunt.
478 2983 642 3066 Etenim
675 3011 759 3066 non
790 3009 881 3066 raro
910 2985 1021 3070 locus
1040 3007 1100 3068 est
1118 2985 1239 3068 dubi-

139 3183 142 3190 ·
193 3121 309 3206 tandi
328 3145 533 3227 aegrorum
550 3121 708 3202 dolores
728 3121 779 3202 ad
791 3121 1059 3222 arthritidem,
1077 3123 1240 3204 luemne
1314 3117 1317 3123 ’

193 3261 421 3342 Veneream
432 3258 670 3364 pertineant,
681 3285 734 3338 an
744 3287 793 3340 ex
805 3258 882 3342 illie
895 3259 976 3342 sint
988 3259 1060 3368 qui
1073 3281 1239 3350 strumae

194 3423 363 3506 quoque
376 3383 584 3478 interdum
604 3396 810 3478 accedunt.
959 3397 962 3404 ’

253 3531 554 3616 Rheumatismi
572 3531 664 3620 duae
685 3533 832 3640 species
847 3553 957 3634 eunt,
974 3554 1092 3622 acuta
1106 3532 1241 3632 altera,

139 3655 141 3660 ⁵
197 3673 319 3754 altera
338 3672 461 3776 longa
475 3671 538 3750 vel
556 3659 758 3754 chronica.
782 3672 837 3752 1„
856 3693 985 3772 acuta,
997 3669 1162 3778 jactatio
1180 3675 1241 3752 eet

195 3810 353 3918 ingene,
371 3807 690 3916 membrumque
705 3807 895 3904 affectum
909 3809 1027 3892 brevi
1038 3828 1183 3908 tumet,
1200 3827 1241 3888 et

197 3947 357 4055 quatiet
389 3967 579 4028 movetur
611 3944 829 4052 impatibili
856 3945 996 4028 dolore
1023 3943 1238 4026 cruciatur.

196 4086 311 4166 Tum
339 4083 467 4166 rubor
495 4082 641 4190 aliquia
670 4081 754 4166 fere
783 4083 992 4184 sublucet3
1031 4079 1242 4166 interdum

196 4221 309 4304 color
321 4219 392 4302 vix
406 4239 602 4302 mutatur.
644 4219 892 4336 Magnitudo
909 4219 1035 4302 febrie
1053 4217 1262 4302 rheuma·

196 4357 300 4459 tica,
314 4335 519 4465 siquidem
533 4381 582 4438 ex
600 4355 753 4438 arteriis
773 4355 1084 4458 aestimandaeit,
1101 4353 1241 4436 minue

150 4545 156 4553 ·
196 4517 316 4583 nocet
333 4487 527 4579 omnibus
545 4493 806 4578 facultatibus
826 4496 973 4578 mentia
992 4515 1033 4578 et
1050 4491 1244 4600 corporis,
