2990 5078
616 475 716 590 l09

150 685 243 773 sem
261 689 387 772 moso
401 709 522 798 aquae
537 689 748 798 adjiciatur
762 689 1006 802 hydrargyfi
1021 661 1187 778 muriae

150 828 368 928 semuncia,
381 827 727 909 medicamentum
740 826 1073 936 lietlongenimis
1085 858 1188 933 acre,

149 991 196 1048 ex
216 991 302 1072 quo
320 964 503 1045 dolorem
522 965 744 1046 notabilem
762 987 1050 1076 tumoremque
1072 991 1188 1052 natos

148 1127 228 1182 esse
239 1101 342 1200 vidi,
357 1099 544 1206 quamvis
556 1102 709 1208 exiguae
720 1121 882 1184 tantum
896 1103 1071 1210 corporis
1084 1094 1190 1212 parti

148 1236 292 1320 diisset
311 1237 537 1319 admotum.
595 1241 757 1320 Praestat
775 1237 991 1321 dissolvere
1018 1239 1191 1351 hydrar-

148 1399 302 1485 gyrum
316 1375 542 1458 muriatum
558 1373 602 1454 in
616 1383 724 1482 aqua'
738 1397 840 1482 pura
850 1375 985 1482 potius
1003 1403 1130 1483 quam
1144 1379 1191 1460 in

149 1539 254 1620 aqua
275 1513 406 1612 calcis,
423 1539 520 1594 cum
536 1511 622 1592 haec
641 1513 799 1594 malum
817 1514 992 1604 colorem
1011 1512 1192 1616 inducat,
1258 1605 1262 1614 ,

148 1649 369 1732 etremedii
384 1647 471 1728 vim
482 1646 661 1748 minuam
691 1648 805 1756 quod
817 1671 927 1730 certe
936 1651 1070 1730 multo
1080 1677 1192 1732 com·

107 1827 108 1832 Ν
149 1787 314 1868 modius
330 1784 417 1867 fieri
430 1807 560 1893 potest
572 1784 820 1867 detrahendo
832 1785 991 1894 aliquid
1003 1787 1054 1868 de
1065 1788 1192 1870 modo

148 1921 410 2033 hydrargyri,
424 1923 500 2004 ubi
510 1922 679 2004 dilutius
695 1923 1041 2004 medicamentum
1052 1947 1192 2031 postu-

149 2060 268 2143 latur.
328 2059 544 2166 Permagni
560 2059 726 2141 interest
753 2059 991 2142 ad'salivam
1015 2062 1192 2144 excitan-

150 2195 262 2298 dam,
274 2195 738 2306 hydrargyrusexiguae,
749 2223 801 2277 an
817 2197 1003 2304 ampliori
1014 2199 1191 2307 corporis

152 2333 270 2440 parti,
287 2333 566 2434 admoveatur3
596 2355 717 2441 atque
732 2334 784 2414 ad
798 2333 877 2415 hoc
892 2334 1052 2416 animus
1065 2357 1193 2420 atten-

151 2469 312 2552 dendus
331 2491 403 2569 est,
421 2469 533 2551 haud
562 2470 846 2578 minusqusm
874 2470 925 2552 ad
944 2472 1032 2552 vim
1060 2472 1191 2579 ipsam

153 2605 451 2687 medicamenti.
508 2607 779 2712 Unguentum
794 2607 1194 2717 hydrargyrinitrati

153 2744 228 2825 toti
244 2742 366 2826 faciei
386 2742 569 2850 quotidie
586 2743 806 2826 inunctum
824 2766 884 2826 est
907 2745 1193 2852 perplurimos

154 2879 236 2962 dies
257 2879 347 2962 sine
361 2901 553 2987 praesente
566 2879 716 2983 dolore,
735 2903 806 2964 aut
817 2878 1087 2990 subsequente
1105 2884 1196 2966 sali·

155 3045 212 3099 vae
232 3043 370 3099 cursu.
431 3015 572 3129 Quam
590 3038 729 3098 tutum
745 3018 796 3099 sit
806 2991 1066 3125 unguentum
1078 3021 1196 3102 calcis

158 3149 407 3262 hydrargyri
423 3153 536 3254 albae,
554 3151 793 3260 intelligitur
811 3183 859 3235 ex
878 3181 957 3236 usu
976 3183 1101 3263 quem
1119 3155 1197 3266 hy-

157 3290 378 3399 drargyrus
398 3289 569 3408 nitratus
589 3312 748 3397 praestat
767 3289 967 3398 chirurgis
988 3293 1073 3374 sine
1092 3293 1196 3401 peri·

157 3427 250 3507 culo
273 3425 468 3507 movendi
494 3427 670 3507 salivam.
729 3427 862 3508 Calces
881 3428 1096 3531 bismuthi‚
1127 3455 1198 3516 aut

159 3562 469 3668 zincijaspem,
486 3589 555 3644 seu
570 3563 752 3645 contritae
767 3591 863 3646 cum
875 3563 991 3673 adipe
1002 3588 1042 3648 et
1052 3567 1198 3652 inunc-

159 3719 212 3780 tae
227 3697 328 3798 cuti,
347 3719 443 3780 sunt
456 3699 591 3806 potius
606 3699 657 3791 ad
669 3699 772 3782 cutis
790 3701 1010 3783 mulierum
1025 3705 1198 3810 gratiam
1329 3705 1331 3712 ’

159 3832 631 3936 custodiendam-idonea,
642 3863 770 3944 quam
777 3837 953 3921 remedia
962 3831 1088 3921 ullius
1097 3841 1199 3942 vitii,

163 3969 276 4076 quod
293 3969 462 4052 morbus
481 3970 563 4052 dici
582 3995 769 4055 meretur.

216 4105 414 4187 Remedia
432 4107 543 4188 intus
559 4107 665 4210 data,
676 4111 740 4190 vel
753 4110 970 4216 expellunt,
989 4109 1051 4190 vel
1065 4135 1202 4190 emen·

163 4238 276 4340 dant,
302 4239 684 4326 humoresvitiatos.
744 4245 963 4352 Purgantia
982 4247 1202 4328 valentiora

165 4372 227 4458 his
257 4377 381 4485 aegris
399 4405 483 4462 non
502 4381 606 4465 bene
626 4382 900 4485 conveniunt3
930 4382 1080 4492 quippe
1098 4383 1202 4466 'vires
