<?xml version="1.0" encoding="UTF-8"?>
<!DOCTYPE html PUBLIC "-//W3C//DTD XHTML 1.0 Transitional//EN"
    "http://www.w3.org/TR/xhtml1/DTD/xhtml1-transitional.dtd">
<html xmlns="http://www.w3.org/1999/xhtml" xml:lang="en" lang="en">
 <head>
  <title>
</title>
<meta http-equiv="Content-Type" content="text/html;charset=utf-8" />
  <meta name='ocr-system' content='tesseract 3.04.00' />
  <meta name='ocr-capabilities' content='ocr_page ocr_carea ocr_par ocr_line ocrx_word'/>
</head>
<body>
  <div class='ocr_page' id='page_1' title='image "./commentariidemo00hebegoog_0045.png"; bbox 0 0 3016 5076; ppageno 0'>
   <div class='ocr_carea' id='block_1_1' title="bbox 796 525 863 618">
    <p class='ocr_par' dir='ltr' id='par_1_1' title="bbox 796 525 863 618">
     <span class='ocr_line' id='line_1_1' title="bbox 796 525 863 618; baseline 0 0"><span class='ocrx_word' id='word_1_1' title='bbox 796 525 863 618; x_wconf 65' lang='lat' dir='ltr'>Qss</span> 
     </span>
    </p>
   </div>
   <div class='ocr_carea' id='block_1_2' title="bbox 261 729 1360 2352">
    <p class='ocr_par' dir='ltr' id='par_1_2' title="bbox 261 729 1360 2352">
     <span class='ocr_line' id='line_1_2' title="bbox 306 729 1360 839; baseline 0.001 -23"><span class='ocrx_word' id='word_1_2' title='bbox 306 733 378 816; x_wconf 91' lang='lat' dir='ltr'>bet</span> <span class='ocrx_word' id='word_1_3' title='bbox 410 731 540 814; x_wconf 85' lang='lat' dir='ltr'>mellis</span> <span class='ocrx_word' id='word_1_4' title='bbox 572 756 672 812; x_wconf 85' lang='lat' dir='ltr'>rosae</span> <span class='ocrx_word' id='word_1_5' title='bbox 710 729 890 830; x_wconf 88' lang='lat' dir='ltr'>unciam,</span> <span class='ocrx_word' id='word_1_6' title='bbox 915 729 1128 839; x_wconf 85' lang='lat' dir='ltr'>oxymellis</span> <span class='ocrx_word' id='word_1_7' title='bbox 1164 731 1360 839; x_wconf 77' lang='lat' dir='ltr'>aeruginis</span> 
     </span>
     <span class='ocr_line' id='line_1_3' title="bbox 305 864 1360 976; baseline 0 -26"><span class='ocrx_word' id='word_1_8' title='bbox 305 867 564 967; x_wconf 85' lang='lat' dir='ltr'>drachmam;</span> <span class='ocrx_word' id='word_1_9' title='bbox 593 889 715 974; x_wconf 82' lang='lat' dir='ltr'>atque</span> <span class='ocrx_word' id='word_1_10' title='bbox 729 866 807 948; x_wconf 93' lang='lat' dir='ltr'>hoc</span> <span class='ocrx_word' id='word_1_11' title='bbox 826 867 950 948; x_wconf 87' lang='lat' dir='ltr'>etiam</span> <span class='ocrx_word' id='word_1_12' title='bbox 967 864 1102 949; x_wconf 81' lang='lat' dir='ltr'>fauces</span> <span class='ocrx_word' id='word_1_13' title='bbox 1130 893 1236 974; x_wconf 85' lang='lat' dir='ltr'>saepe</span> <span class='ocrx_word' id='word_1_14' title='bbox 1256 881 1360 976; x_wconf 82' lang='lat' dir='ltr'>quo-</span> 
     </span>
     <span class='ocr_line' id='line_1_4' title="bbox 305 1003 1359 1111; baseline 0.001 -24"><span class='ocrx_word' id='word_1_15' title='bbox 305 1006 404 1088; x_wconf 84' lang='lat' dir='ltr'>tidie</span> <span class='ocrx_word' id='word_1_16' title='bbox 419 1005 595 1088; x_wconf 85' lang='lat' dir='ltr'><strong>illinunt.</strong></span> <span class='ocrx_word' id='word_1_17' title='bbox 654 1007 873 1106; x_wconf 86' lang='lat' dir='ltr'>Postremo‚</span> <span class='ocrx_word' id='word_1_18' title='bbox 886 1003 1010 1086; x_wconf 89' lang='lat' dir='ltr'>etiam</span> <span class='ocrx_word' id='word_1_19' title='bbox 1022 1003 1064 1084; x_wconf 81' lang='lat' dir='ltr'>vi</span> <span class='ocrx_word' id='word_1_20' title='bbox 1076 1003 1262 1111; x_wconf 85' lang='lat' dir='ltr'>quadam</span> <span class='ocrx_word' id='word_1_21' title='bbox 1273 1032 1359 1088; x_wconf 91' lang='lat' dir='ltr'>non</span> 
     </span>
     <span class='ocr_line' id='line_1_5' title="bbox 304 1140 1359 1250; baseline 0 -26"><span class='ocrx_word' id='word_1_22' title='bbox 304 1143 498 1224; x_wconf 88' lang='lat' dir='ltr'>dubitant</span> <span class='ocrx_word' id='word_1_23' title='bbox 512 1167 675 1224; x_wconf 84' lang='lat' dir='ltr'>carnem</span> <span class='ocrx_word' id='word_1_24' title='bbox 688 1140 908 1248; x_wconf 85' lang='lat' dir='ltr'>fungosam</span> <span class='ocrx_word' id='word_1_25' title='bbox 922 1140 1214 1250; x_wconf 78' lang='lat' dir='ltr'>sordidamque</span> <span class='ocrx_word' id='word_1_26' title='bbox 1227 1171 1252 1223; x_wconf 86' lang='lat' dir='ltr'>a</span> <span class='ocrx_word' id='word_1_27' title='bbox 1267 1169 1359 1250; x_wconf 87' lang='lat' dir='ltr'>par·</span> 
     </span>
     <span class='ocr_line' id='line_1_6' title="bbox 303 1255 1358 1390; baseline -0.002 -27"><span class='ocrx_word' id='word_1_28' title='bbox 303 1279 415 1363; x_wconf 85' lang='lat' dir='ltr'>tibus</span> <span class='ocrx_word' id='word_1_29' title='bbox 437 1279 620 1360; x_wconf 87' lang='lat' dir='ltr'>ulceratis</span> <span class='ocrx_word' id='word_1_30' title='bbox 640 1255 832 1390; x_wconf 78' lang='lat' dir='ltr'>avellere3</span> <span class='ocrx_word' id='word_1_31' title='bbox 862 1305 953 1384; x_wconf 86' lang='lat' dir='ltr'>quae</span> <span class='ocrx_word' id='word_1_32' title='bbox 973 1300 1110 1374; x_wconf 81' lang='lat' dir='ltr'>tamen</span> <span class='ocrx_word' id='word_1_33' title='bbox 1137 1306 1276 1388; x_wconf 89' lang='lat' dir='ltr'>usque</span> <span class='ocrx_word' id='word_1_34' title='bbox 1295 1306 1358 1361; x_wconf 86' lang='lat' dir='ltr'>re-</span> 
     </span>
     <span class='ocr_line' id='line_1_7' title="bbox 301 1415 1356 1518; baseline 0.003 -19"><span class='ocrx_word' id='word_1_35' title='bbox 301 1438 503 1518; x_wconf 89' lang='lat' dir='ltr'>nascetur,</span> <span class='ocrx_word' id='word_1_36' title='bbox 516 1415 644 1498; x_wconf 90' lang='lat' dir='ltr'>donec</span> <span class='ocrx_word' id='word_1_37' title='bbox 662 1415 788 1497; x_wconf 80' lang='lat' dir='ltr'>febris</span> <span class='ocrx_word' id='word_1_38' title='bbox 817 1415 1052 1498; x_wconf 64' lang='lat' dir='ltr'>constiteris</span> <span class='ocrx_word' id='word_1_39' title='bbox 1111 1416 1356 1510; x_wconf 87' lang='lat' dir='ltr'>Dolendum</span> 
     </span>
     <span class='ocr_line' id='line_1_8' title="bbox 301 1552 1354 1672; baseline 0 -34"><span class='ocrx_word' id='word_1_40' title='bbox 301 1558 454 1638; x_wconf 87' lang='lat' dir='ltr'>interea</span> <span class='ocrx_word' id='word_1_41' title='bbox 477 1576 540 1637; x_wconf 87' lang='lat' dir='ltr'>est</span> <span class='ocrx_word' id='word_1_42' title='bbox 572 1554 634 1655; x_wconf 88' lang='lat' dir='ltr'>iis,</span> <span class='ocrx_word' id='word_1_43' title='bbox 664 1555 738 1663; x_wconf 91' lang='lat' dir='ltr'>qui</span> <span class='ocrx_word' id='word_1_44' title='bbox 767 1554 872 1672; x_wconf 87' lang='lat' dir='ltr'>banc</span> <span class='ocrx_word' id='word_1_45' title='bbox 900 1553 1011 1638; x_wconf 82' lang='lat' dir='ltr'>viam</span> <span class='ocrx_word' id='word_1_46' title='bbox 1040 1552 1253 1656; x_wconf 84' lang='lat' dir='ltr'>insistunt,</span> <span class='ocrx_word' id='word_1_47' title='bbox 1284 1555 1354 1638; x_wconf 81' lang='lat' dir='ltr'>vix</span> 
     </span>
     <span class='ocr_line' id='line_1_9' title="bbox 295 1689 1353 1800; baseline 0 -24"><span class='ocrx_word' id='word_1_48' title='bbox 295 1696 440 1776; x_wconf 88' lang='lat' dir='ltr'>-locum</span> <span class='ocrx_word' id='word_1_49' title='bbox 458 1721 540 1774; x_wconf 91' lang='lat' dir='ltr'>esse</span> <span class='ocrx_word' id='word_1_50' title='bbox 559 1691 799 1798; x_wconf 85' lang='lat' dir='ltr'>hujusmodi</span> <span class='ocrx_word' id='word_1_51' title='bbox 817 1690 1028 1772; x_wconf 79' lang='lat' dir='ltr'>medicina</span> <span class='ocrx_word' id='word_1_52' title='bbox 1047 1689 1093 1770; x_wconf 90' lang='lat' dir='ltr'>in</span> <span class='ocrx_word' id='word_1_53' title='bbox 1119 1713 1234 1774; x_wconf 83' lang='lat' dir='ltr'>atate</span> <span class='ocrx_word' id='word_1_54' title='bbox 1253 1721 1353 1800; x_wconf 87' lang='lat' dir='ltr'>pue·</span> 
     </span>
     <span class='ocr_line' id='line_1_10' title="bbox 299 1828 1352 1936; baseline -0.002 -22"><span class='ocrx_word' id='word_1_55' title='bbox 299 1832 380 1932; x_wconf 84' lang='lat' dir='ltr'>rili,</span> <span class='ocrx_word' id='word_1_56' title='bbox 398 1829 472 1912; x_wconf 93' lang='lat' dir='ltr'>ubi</span> <span class='ocrx_word' id='word_1_57' title='bbox 491 1829 661 1911; x_wconf 88' lang='lat' dir='ltr'>morbus</span> <span class='ocrx_word' id='word_1_58' title='bbox 680 1829 748 1910; x_wconf 90' lang='lat' dir='ltr'>hic</span> <span class='ocrx_word' id='word_1_59' title='bbox 767 1828 965 1936; x_wconf 64' lang='lat' dir='ltr'>praecipue,</span> <span class='ocrx_word' id='word_1_60' title='bbox 984 1849 1127 1910; x_wconf 86' lang='lat' dir='ltr'>acutus</span> <span class='ocrx_word' id='word_1_61' title='bbox 1146 1857 1231 1912; x_wconf 88' lang='lat' dir='ltr'>esse</span> <span class='ocrx_word' id='word_1_62' title='bbox 1251 1857 1352 1918; x_wconf 86' lang='lat' dir='ltr'>con·</span> 
     </span>
     <span class='ocr_line' id='line_1_11' title="bbox 300 1965 1349 2072; baseline 0.002 -24"><span class='ocrx_word' id='word_1_63' title='bbox 300 1967 452 2067; x_wconf 75' lang='lat' dir='ltr'>suevit3</span> <span class='ocrx_word' id='word_1_64' title='bbox 480 1993 554 2046; x_wconf 91' lang='lat' dir='ltr'>nec</span> <span class='ocrx_word' id='word_1_65' title='bbox 573 1965 619 2046; x_wconf 88' lang='lat' dir='ltr'>iu</span> <span class='ocrx_word' id='word_1_66' title='bbox 637 1965 818 2072; x_wconf 85' lang='lat' dir='ltr'>qualibet</span> <span class='ocrx_word' id='word_1_67' title='bbox 832 1987 958 2066; x_wconf 87' lang='lat' dir='ltr'>aetate,</span> <span class='ocrx_word' id='word_1_68' title='bbox 975 1965 1100 2046; x_wconf 91' lang='lat' dir='ltr'>modo</span> <span class='ocrx_word' id='word_1_69' title='bbox 1113 1979 1259 2048; x_wconf 80' lang='lat' dir='ltr'>crustae</span> <span class='ocrx_word' id='word_1_70' title='bbox 1272 1966 1349 2050; x_wconf 82' lang='lat' dir='ltr'>illae</span> 
     </span>
     <span class='ocr_line' id='line_1_12' title="bbox 298 2101 1347 2212; baseline 0.006 -26"><span class='ocrx_word' id='word_1_71' title='bbox 298 2131 428 2203; x_wconf 88' lang='lat' dir='ltr'>nares,</span> <span class='ocrx_word' id='word_1_72' title='bbox 460 2101 715 2185; x_wconf 86' lang='lat' dir='ltr'>tracheamve</span> <span class='ocrx_word' id='word_1_73' title='bbox 748 2125 960 2212; x_wconf 78' lang='lat' dir='ltr'>occupent,</span> <span class='ocrx_word' id='word_1_74' title='bbox 988 2101 1141 2212; x_wconf 72' lang='lat' dir='ltr'>quibus</span> <span class='ocrx_word' id='word_1_75' title='bbox 1166 2103 1347 2194; x_wconf 77' lang='lat' dir='ltr'>maxime</span> 
     </span>
     <span class='ocr_line' id='line_1_13' title="bbox 261 2241 1011 2352; baseline -0.008 -27"><span class='ocrx_word' id='word_1_76' title='bbox 261 2297 265 2304; x_wconf 93' lang='lat'>-</span> <span class='ocrx_word' id='word_1_77' title='bbox 298 2269 401 2352; x_wconf 89' lang='lat' dir='ltr'>opus</span> <span class='ocrx_word' id='word_1_78' title='bbox 420 2261 479 2324; x_wconf 90' lang='lat' dir='ltr'>est</span> <span class='ocrx_word' id='word_1_79' title='bbox 493 2241 682 2324; x_wconf 90' lang='lat' dir='ltr'>remedio.</span> <span class='ocrx_word' id='word_1_80' title='bbox 1007 2249 1011 2258; x_wconf 83' lang='lat'>&#39;</span> 
     </span>
    </p>
   </div>
   <div class='ocr_carea' id='block_1_3' title="bbox 624 2469 1015 2508">
    <p class='ocr_par' dir='ltr' id='par_1_3' title="bbox 624 2469 1015 2508">
     <span class='ocr_line' id='line_1_14' title="bbox 624 2469 1015 2508; baseline 0 0"><span class='ocrx_word' id='word_1_81' title='bbox 624 2469 1015 2508; x_wconf 73' lang='lat'><strong>=————&#39;·&#39;&#39;—-&#39;*=</strong></span> 
     </span>
    </p>
   </div>
   <div class='ocr_carea' id='block_1_4' title="bbox 283 2617 1338 3868">
    <p class='ocr_par' dir='ltr' id='par_1_4' title="bbox 671 2617 953 2888">
     <span class='ocr_line' id='line_1_15' title="bbox 729 2617 897 2700; baseline 0.006 -2"><span class='ocrx_word' id='word_1_82' title='bbox 729 2617 837 2698; x_wconf 79' lang='lat' dir='ltr'>CAs.</span> <span class='ocrx_word' id='word_1_83' title='bbox 859 2621 897 2700; x_wconf 88' lang='lat'>8.</span> 
     </span>
     <span class='ocr_line' id='line_1_16' title="bbox 671 2773 953 2888; baseline -0.007 -26"><span class='ocrx_word' id='word_1_84' title='bbox 671 2777 740 2862; x_wconf 85' lang='lat' dir='ltr'>De</span> <span class='ocrx_word' id='word_1_85' title='bbox 764 2773 953 2888; x_wconf 68' lang='lat' dir='ltr'>Aphthis.</span> 
     </span>
    </p>

    <p class='ocr_par' dir='ltr' id='par_1_5' title="bbox 283 2939 1338 3868">
     <span class='ocr_line' id='line_1_17' title="bbox 336 2939 1337 3052; baseline -0.001 -24"><span class='ocrx_word' id='word_1_86' title='bbox 336 2949 545 3028; x_wconf 74' lang='lat' dir='ltr'>As&#39;nunu</span> <span class='ocrx_word' id='word_1_87' title='bbox 558 2941 757 3052; x_wconf 77' lang='lat' dir='ltr'>precipue</span> <span class='ocrx_word' id='word_1_88' title='bbox 770 2939 1209 3048; x_wconf 83' lang='lat' dir='ltr'>nascunturiupueris,</span> <span class='ocrx_word' id='word_1_89' title='bbox 1223 2966 1337 3027; x_wconf 80' lang='lat' dir='ltr'>etse-</span> 
     </span>
     <span class='ocr_line' id='line_1_18' title="bbox 290 3077 1338 3188; baseline -0.012 -21"><span class='ocrx_word' id='word_1_90' title='bbox 290 3085 490 3184; x_wconf 72' lang='lat' dir='ltr'>moribus,</span> <span class='ocrx_word' id='word_1_91' title='bbox 501 3105 542 3164; x_wconf 91' lang='lat' dir='ltr'>et</span> <span class='ocrx_word' id='word_1_92' title='bbox 554 3082 603 3162; x_wconf 89' lang='lat' dir='ltr'>iis</span> <span class='ocrx_word' id='word_1_93' title='bbox 616 3080 689 3188; x_wconf 91' lang='lat' dir='ltr'>qui</span> <span class='ocrx_word' id='word_1_94' title='bbox 703 3077 887 3160; x_wconf 86' lang='lat' dir='ltr'>febribus</span> <span class='ocrx_word' id='word_1_95' title='bbox 900 3078 1032 3185; x_wconf 86' lang='lat' dir='ltr'>longis</span> <span class='ocrx_word' id='word_1_96' title='bbox 1051 3077 1205 3162; x_wconf 90' lang='lat' dir='ltr'>fuerint</span> <span class='ocrx_word' id='word_1_97' title='bbox 1220 3081 1338 3164; x_wconf 81' lang='lat' dir='ltr'>debi.</span> 
     </span>
     <span class='ocr_line' id='line_1_19' title="bbox 285 3213 1337 3315; baseline -0.006 -11"><span class='ocrx_word' id='word_1_98' title='bbox 285 3222 404 3304; x_wconf 79' lang='lat' dir='ltr'>&#39;litati</span> <span class='ocrx_word' id='word_1_99' title='bbox 434 3217 646 3302; x_wconf 88' lang='lat' dir='ltr'>Accedunt</span> <span class='ocrx_word' id='word_1_100' title='bbox 657 3214 977 3315; x_wconf 87' lang='lat' dir='ltr'>dolorfaucium,</span> <span class='ocrx_word' id='word_1_101' title='bbox 988 3213 1202 3298; x_wconf 85' lang='lat' dir='ltr'>difficultas</span> <span class='ocrx_word' id='word_1_102' title='bbox 1212 3218 1337 3299; x_wconf 86' lang='lat' dir='ltr'>devo-</span> 
     </span>
     <span class='ocr_line' id='line_1_20' title="bbox 289 3341 1336 3460; baseline -0.005 -20"><span class='ocrx_word' id='word_1_103' title='bbox 289 3357 420 3457; x_wconf 84' lang='lat' dir='ltr'>randi,</span> <span class='ocrx_word' id='word_1_104' title='bbox 434 3341 618 3454; x_wconf 76' lang='lat' dir='ltr'>sancitas,</span> <span class='ocrx_word' id='word_1_105' title='bbox 632 3354 765 3453; x_wconf 90' lang='lat' dir='ltr'>tussis,</span> <span class='ocrx_word' id='word_1_106' title='bbox 777 3353 992 3460; x_wconf 81' lang='lat' dir='ltr'>singultus,</span> <span class='ocrx_word' id='word_1_107' title='bbox 1006 3376 1046 3434; x_wconf 84' lang='lat' dir='ltr'>et</span> <span class='ocrx_word' id='word_1_108' title='bbox 1057 3353 1255 3460; x_wconf 87' lang='lat' dir='ltr'>cupiditas</span> <span class='ocrx_word' id='word_1_109' title='bbox 1267 3381 1336 3436; x_wconf 80' lang='lat' dir='ltr'>ex·</span> 
     </span>
     <span class='ocr_line' id='line_1_21' title="bbox 286 3491 1334 3606; baseline -0.005 -27"><span class='ocrx_word' id='word_1_110' title='bbox 286 3495 460 3606; x_wconf 88' lang='lat' dir='ltr'>spuendi</span> <span class='ocrx_word' id='word_1_111' title='bbox 475 3495 679 3602; x_wconf 84' lang='lat' dir='ltr'>pituitam,</span> <span class='ocrx_word' id='word_1_112' title='bbox 692 3515 740 3574; x_wconf 91' lang='lat' dir='ltr'>ut</span> <span class='ocrx_word' id='word_1_113' title='bbox 760 3493 874 3598; x_wconf 84' lang='lat' dir='ltr'>aegris</span> <span class='ocrx_word' id='word_1_114' title='bbox 890 3491 1064 3594; x_wconf 81' lang='lat' dir='ltr'>videtur,</span> <span class='ocrx_word' id='word_1_115' title='bbox 1079 3521 1207 3601; x_wconf 88' lang='lat' dir='ltr'>quam</span> <span class='ocrx_word' id='word_1_116' title='bbox 1233 3491 1334 3602; x_wconf 84' lang='lat' dir='ltr'>aph·</span> 
     </span>
     <span class='ocr_line' id='line_1_22' title="bbox 286 3616 1334 3718; baseline -0.008 0"><span class='ocrx_word' id='word_1_117' title='bbox 286 3633 366 3718; x_wconf 87' lang='lat' dir='ltr'>thae</span> <span class='ocrx_word' id='word_1_118' title='bbox 386 3633 653 3714; x_wconf 82' lang='lat' dir='ltr'>mentiuntur.</span> <span class='ocrx_word' id='word_1_119' title='bbox 685 3616 892 3714; x_wconf 84' lang='lat' dir='ltr'>Adversus</span> <span class='ocrx_word' id='word_1_120' title='bbox 901 3628 1017 3712; x_wconf 91' lang='lat' dir='ltr'>hunc</span> <span class='ocrx_word' id='word_1_121' title='bbox 1032 3630 1334 3714; x_wconf 83' lang='lat' dir='ltr'>morbumcor·</span> 
     </span>
     <span class='ocr_line' id='line_1_23' title="bbox 283 3765 1328 3868; baseline -0.007 -13"><span class='ocrx_word' id='word_1_122' title='bbox 283 3771 601 3856; x_wconf 89' lang='lat' dir='ltr'>texPeruvianus</span> <span class='ocrx_word' id='word_1_123' title='bbox 609 3790 699 3851; x_wconf 91' lang='lat' dir='ltr'>tuto</span> <span class='ocrx_word' id='word_1_124' title='bbox 707 3766 936 3868; x_wconf 85' lang='lat' dir='ltr'>adhibetur,</span> <span class='ocrx_word' id='word_1_125' title='bbox 944 3765 1156 3848; x_wconf 84' lang='lat' dir='ltr'>etfortasse</span> <span class='ocrx_word' id='word_1_126' title='bbox 1164 3765 1328 3849; x_wconf 75' lang='lat' dir='ltr'>utiliter.</span> 
     </span>
    </p>
   </div>
   <div class='ocr_carea' id='block_1_5' title="bbox 218 3901 1329 4542">
    <p class='ocr_par' dir='ltr' id='par_1_6' title="bbox 218 3901 1329 4542">
     <span class='ocr_line' id='line_1_24' title="bbox 326 3901 1329 4014; baseline -0.008 -23"><span class='ocrx_word' id='word_1_127' title='bbox 326 3909 548 3991; x_wconf 88' lang='lat' dir='ltr'>Ulcuscula</span> <span class='ocrx_word' id='word_1_128' title='bbox 559 3905 806 4014; x_wconf 87' lang='lat' dir='ltr'>aphtharum</span> <span class='ocrx_word' id='word_1_129' title='bbox 817 3901 1233 4010; x_wconf 85' lang='lat' dir='ltr'>vulgoexisdmantur</span> <span class='ocrx_word' id='word_1_130' title='bbox 1242 3929 1329 3985; x_wconf 92' lang='lat' dir='ltr'>non</span> 
     </span>
     <span class='ocr_line' id='line_1_25' title="bbox 218 4041 1329 4149; baseline -0.01 -17"><span class='ocrx_word' id='word_1_131' title='bbox 218 4137 221 4144; x_wconf 71' lang='grc'>,</span> <span class='ocrx_word' id='word_1_132' title='bbox 282 4050 417 4132; x_wconf 86' lang='lat' dir='ltr'>solum</span> <span class='ocrx_word' id='word_1_133' title='bbox 443 4075 487 4127; x_wconf 90' lang='lat' dir='ltr'>os</span> <span class='ocrx_word' id='word_1_134' title='bbox 506 4067 546 4126; x_wconf 90' lang='lat' dir='ltr'>et</span> <span class='ocrx_word' id='word_1_135' title='bbox 573 4044 708 4126; x_wconf 88' lang='lat' dir='ltr'>fauces</span> <span class='ocrx_word' id='word_1_136' title='bbox 729 4067 938 4149; x_wconf 84' lang='lat' dir='ltr'>occupare,</span> <span class='ocrx_word' id='word_1_137' title='bbox 968 4067 1114 4122; x_wconf 82' lang='lat' dir='ltr'>verum</span> <span class='ocrx_word' id='word_1_138' title='bbox 1142 4041 1266 4122; x_wconf 83' lang='lat' dir='ltr'>etiam</span> <span class='ocrx_word' id='word_1_139' title='bbox 1283 4041 1329 4121; x_wconf 86' lang='lat' dir='ltr'>iu</span> 
     </span>
     <span class='ocr_line' id='line_1_26' title="bbox 280 4160 1328 4280; baseline -0.011 -11"><span class='ocrx_word' id='word_1_140' title='bbox 280 4181 539 4269; x_wconf 87' lang='lat' dir='ltr'>stomachum</span> <span class='ocrx_word' id='word_1_141' title='bbox 557 4179 809 4280; x_wconf 86' lang='lat' dir='ltr'>descendere,</span> <span class='ocrx_word' id='word_1_142' title='bbox 827 4201 867 4260; x_wconf 88' lang='lat' dir='ltr'>et</span> <span class='ocrx_word' id='word_1_143' title='bbox 884 4160 1021 4259; x_wconf 70' lang='lat' dir='ltr'>sotum</span> <span class='ocrx_word' id='word_1_144' title='bbox 1039 4177 1328 4260; x_wconf 85' lang='lat' dir='ltr'>intestinorum</span> 
     </span>
     <span class='ocr_line' id='line_1_27' title="bbox 279 4311 1325 4422; baseline -0.011 -17"><span class='ocrx_word' id='word_1_145' title='bbox 279 4323 460 4405; x_wconf 87' lang='lat' dir='ltr'>canalem</span> <span class='ocrx_word' id='word_1_146' title='bbox 486 4317 680 4400; x_wconf 89' lang='lat' dir='ltr'>obsidere.</span> <span class='ocrx_word' id='word_1_147' title='bbox 739 4318 833 4398; x_wconf 88' lang='lat' dir='ltr'>Hoc</span> <span class='ocrx_word' id='word_1_148' title='bbox 862 4341 949 4397; x_wconf 92' lang='lat' dir='ltr'>non</span> <span class='ocrx_word' id='word_1_149' title='bbox 976 4340 1134 4422; x_wconf 82' lang='lat' dir='ltr'>semper</span> <span class='ocrx_word' id='word_1_150' title='bbox 1151 4313 1209 4412; x_wconf 84' lang='lat' dir='ltr'>ita</span> <span class='ocrx_word' id='word_1_151' title='bbox 1236 4311 1325 4394; x_wconf 84' lang='lat' dir='ltr'>fieri</span> 
     </span>
     <span class='ocr_line' id='line_1_28' title="bbox 247 4448 1323 4542; baseline -0.009 0"><span class='ocrx_word' id='word_1_152' title='bbox 247 4507 251 4514; x_wconf 92' lang='lat'><strong>·</strong></span> <span class='ocrx_word' id='word_1_153' title='bbox 278 4456 459 4542; x_wconf 86' lang='lat' dir='ltr'>constitit</span> <span class='ocrx_word' id='word_1_154' title='bbox 477 4453 612 4540; x_wconf 86' lang='lat' dir='ltr'>incisis</span> <span class='ocrx_word' id='word_1_155' title='bbox 641 4451 902 4538; x_wconf 78' lang='lat' dir='ltr'>cadavesibus</span> <span class='ocrx_word' id='word_1_156' title='bbox 921 4450 1104 4538; x_wconf 88' lang='lat' dir='ltr'>duorum</span> <span class='ocrx_word' id='word_1_157' title='bbox 1121 4449 1238 4542; x_wconf 87' lang='lat' dir='ltr'>lentis</span> <span class='ocrx_word' id='word_1_158' title='bbox 1264 4448 1323 4532; x_wconf 83' lang='lat' dir='ltr'>fe·</span> 
     </span>
    </p>
   </div>
   <div class='ocr_carea' id='block_1_6' title="bbox 0 0 1512 5076">
    <p class='ocr_par' dir='ltr' id='par_1_7' title="bbox 0 0 1512 5076">
     <span class='ocr_line' id='line_1_29' title="bbox 0 0 1512 5076; baseline 0 10"><span class='ocrx_word' id='word_1_159' title='bbox 0 0 1512 5076; x_wconf 95' lang='lat' dir='ltr'> </span> 
     </span>
    </p>
   </div>
  </div>
 </body>
</html>
