3002 5086
634 491 732 604 193

150 699 266 814 plius.
326 705 420 786 Hoc
448 725 587 786 tamen
614 685 702 784 non
728 703 828 788 adeo
856 702 960 787 bene
988 707 1115 810 cessit,
1142 718 1192 792 tit

148 844 245 948 alios
264 841 420 924 hortari
448 841 602 948 possim
620 839 791 922 eandem
810 843 980 924 curandi
1000 843 1109 925 viam
1129 847 1193 927 in-
1238 839 1241 848 ¹

148 978 295 1060 sistere
356 977 573 1090 Quosdam
601 977 724 1058 etiam
749 976 888 1058 audivi
916 979 968 1059 ab
997 983 1191 1064 omnibus

72 1109 75 1118 ’
146 1115 383 1224 potionibus
400 1137 638 1222 temperasse
648 1127 721 1220 'per
733 1141 800 1194 sex
815 1143 982 1198 menses,
1041 1119 1191 1201 Oleum

147 1251 278 1351 olivae,
290 1273 361 1332 aut
372 1252 577 1354 seminum
589 1250 721 1350 ricini,
733 1265 851 1331 mane
863 1273 902 1332 et
915 1280 1074 1358 vespere
1086 1253 1193 1336 frus·

145 1412 210 1471 tra
238 1389 391 1470 illitum
416 1410 475 1472 est
499 1387 711 1469 abdomini
739 1388 968 1470 multorum
995 1389 1193 1500 hydropi-

147 1552 308 1626 corum,
326 1547 534 1633 propterea
549 1524 663 1632 quod
676 1551 784 1604 unus
801 1545 871 1605 aut
890 1526 1001 1628 alter,
1020 1527 1095 1634 qui
1112 1528 1192 1612 hoc

147 1663 379 1746 remedium
407 1683 622 1764 tentarant,
650 1662 797 1744 morbo
826 1691 915 1765 suo,
941 1685 990 1744 ut
1018 1645 1204 1766 aiebant,ss

146 1801 307 1882 liberati
335 1821 442 1882 sunt.
501 1799 747 1908 Hydropem
774 1800 884 1880 ultro
912 1800 1113 1882 recessisse
1146 1801 1192 1884 in

148 1937 315 2020 duobus
331 1937 518 2044 cognovi,
533 1963 714 2044 quornm
729 1937 826 2017 alter
841 1937 985 2018 in'cidit
998 1961 1134 2046 postea
1148 1938 1194 2020 in

150 2077 418 2187 apoplexiam,
446 2077 543 2158 alter
561 2075 711 2158 delirus
728 2075 858 2158 factus
878 2076 1007 2184 periit.

178 2213 408 2304 *Asciticus
447 2208 632 2320 quidam,
660 2212 796 2294 subito
833 2213 961 2293 urinae
990 2210 1194 2320 profluvio

148 2353 312 2454 oborto,
340 2378 508 2470 ornnem
530 2351 829 2457 supervacuum
858 2349 1077 2432 humorem
1095 2351 1195 2456 etni-

149 2489 227 2573 sit:
257 2509 299 2570 at
326 2505 445 2570 crura
472 2514 558 2570 non
584 2489 794 2570 cessabant
826 2509 996 2588 tumere,
1024 2511 1064 2570 et
1093 2517 1196 2598 aeger

151 2625 364 2736 metuebat
380 2624 585 2706 ¹morbum
603 2625 856 2706 rediturum:
886 2626 933 2706 in
950 2625 1028 2708 hoc
1057 2651 1196 2708 rerum

152 2785 264 2848 statu
299 2763 430 2844 factus
468 2783 527 2844 est
563 2762 845 2868 apoplecticus,
881 2763 1067 2869 protinus
1101 2791 1197 2846 vero

29 2925 33 2938 ·
150 2927 269 2982 mens
282 2897 401 2982 rediit
409 2933 421 3000 ς
451 2897 595 2980 deinde
612 2897 766 3006 vertigo
781 2919 878 3000 erat,
896 2920 935 2979 et
950 2899 1087 2980 creber
1102 2927 1198 3006 apo-

150 3035 293 3146 plexiae
305 3058 457 3116 metuss
488 3035 558 3116 sed
569 3035 670 3116 vixit
681 3037 832 3116 multos
847 3061 1003 3116 menses
1017 3036 1068 3116 ab
1081 3031 1197 3114 omni

152 3200 327 3258 crurum
345 3195 416 3255 aut
434 3172 586 3254 ventris
606 3195 767 3254 tumore
786 3172 899 3254 liber.

211 3311 425 3421 Hydrops,
453 3311 528 3420 qui
556 3310 705 3392 dicitur
743 3336 944 3410 anasarca,
972 3309 1056 3390 sive
1092 3305 1198 3390 inter

152 3472 306 3550 tutem,
325 3445 435 3556 vsaepe
464 3445 512 3530 fit
530 3448 594 3529 vel
618 3449 744 3550 nulla,
771 3443 836 3528 vel
857 3470 1021 3530 tantum
1048 3447 1198 3528 leviore

154 3585 339 3697 quadarn
356 3585 587 3668 valetudine
616 3585 872 3668 antecedente
879 3619 890 3686 ;
920 3583 1093 3692 ideoque
1118 3585 1201 3692 ple-

155 3751 338 3833 rumque
367 3745 545 3823 sanatur,
564 3745 686 3830 atque
705 3721 863 3829 integra
877 3724 982 3806 salus
1001 3721 1198 3829 sequitur.

157 3862 417 3976 Quanquam
443 3882 581 3941 autem
608 3859 693 3956 hnc
722 3859 869 3966 species
896 3881 944 3940 ut
973 3859 1202 3966 plurimum
1327 3895 1332 3906 ·

156 4020 273 4080 vacet
300 3997 495 4105 periculo,
522 3993 661 4080 tanien
690 3997 765 4078 diu
794 3997 950 4078 trahere
980 3996 1203 4095 consuevit,

157 4157 200 4218 et
217 4133 429 4216 interdum
442 4161 528 4215 non
543 4133 669 4216 modo
684 4161 754 4244 per
774 4135 930 4242 aliquot
945 4161 1115 4230 menses,
1133 4129 1203 4212 sed

157 4271 284 4354 etiam
311 4299 383 4380 per
400 4271 558 4380 aliquot
583 4299 709 4352 annos
730 4271 870 4352 omnia
898 4269 1074 4352 remedia
1092 4267 1201 4348 vicit.
1220 4367 1222 4372 χ

159 4407 363 4512 Juniores,
378 4409 534 4518 quique
549 4409 728 4518 corporis
741 4408 890 4518 integri
906 4430 1015 4508 sunt,
1032 4407 1078 4488 in
1092 4405 1203 4488 hunc

672 4571 703 4628 o
