3104 5084
791 439 894 540 324

328 651 380 732 ad
399 650 556 750 ultima,
575 672 622 732 ut
642 647 868 751 videbatur,
887 627 1057 732 ventum
1075 671 1188 750 esset,
1214 675 1364 758 magna

327 787 443 893 copie
459 785 572 896 puris
591 809 825 892 erumpente
844 785 927 867 fere
946 785 1162 868 suffocatus
1180 809 1263 885 est3
1293 785 1360 866 sed

327 945 417 1030 post
430 951 575 1030 paucos
588 922 670 1002 dies
683 944 880 1004 exscreata
893 923 1031 1004 tunica
1042 923 1151 1004 unde
1162 922 1205 1002 id
1217 919 1363 1003 efflux-

325 1083 423 1160 erat,
430 1061 532 1142 vires
547 1083 586 1141 et
594 1087 738 1166 corpus
751 1059 864 1141 brevi
872 1059 1086 1166 recollegit,
1098 1059 1363 1168 athleticeque

326 1198 466 1296 raluit,
484 1221 523 1278 et
535 1194 724 1278 robustus
739 1223 858 1277 senex
871 1197 1001 1278 factus
1014 1219 1086 1297 est,
1101 1219 1241 1278 auctus
1254 1198 1362 1278 mul·
1378 1181 1384 1188 ’

325 1331 376 1414 tis
392 1333 525 1416 liberis
545 1356 585 1414 et
603 1331 817 1442 nepotibus
833 1333 1188 1418 benevalentibus.
1245 1336 1361 1414 Atta·

324 1497 420 1550 men
435 1469 512 1550 levi
528 1467 773 1578 quacunque
788 1469 837 1550 de
857 1497 975 1552 causa
986 1470 1086 1551 tussi
1105 1491 1358 1576 opportunus

323 1628 420 1706 erat,
446 1627 487 1688 et
510 1607 742 1714 saepiuscule
773 1609 990 1714 quotannis
1019 1607 1176 1688 cruenti
1204 1607 1361 1716 aliquid

322 1744 549 1826 exscreavit.
607 1743 803 1825 Summus
830 1745 952 1824 etiarn
982 1744 1048 1824 ille
1066 1743 1246 1826 medicus
1277 1744 1360 1824 Ed-

323 1879 779 1982 wardusWilmotcum
791 1880 979 1960 nondum
990 1879 1234 1988 vigesimum
1245 1909 1359 1963 com-

322 2017 507 2126 plevisset
519 2044 694 2117 ¹annum,
711 2017 803 2098 tabe
822 2017 920 2098 adeo
934 2017 1108 2124 graviter
1127 2017 1358 2124 aegrotabat,

322 2176 383 2256 ut,
412 2155 525 2262 quod
544 2153 626 2262 ipse
655 2153 757 2234 mihi
777 2154 967 2255 narravit,
996 2181 1082 2234 non
1108 2155 1241 2236 solum
1263 2182 1359 2262 pros

321 2291 482 2399 pinqui,
500 2289 704 2372 sedetiam
723 2289 986 2397 expertissimi
1000 2289 1148 2372 medici
1162 2290 1212 2372 de
1230 2293 1357 2374 salute

320 2427 405 2535 ejus
420 2428 696 2535 desperarent,
726 2427 826 2508 vixit
840 2449 988 2528 tamen,
1002 2427 1217 2536 viguitque
1228 2455 1357 2511 nona·

320 2565 892 2671 gesimumannumegressus.
924 2563 1225 2676 Quotidianum
1236 2587 1295 2650 est
1305 2585 1357 2660 ut

290 2685 293 2694 ⁴
320 2702 428 2782 mala
446 2700 645 2808 phthisica
659 2700 874 2802 leniantur,
887 2702 951 2781 vel
969 2701 1268 2809 conquiescant,
1282 2731 1355 2809 per

320 2825 449 2917 totam
468 2857 657 2936 aestatem,
675 2836 737 2915 vel
755 2836 877 2916 etiam
892 2863 963 2944 per
976 2865 1123 2944 paucos
1139 2865 1267 2949 annos
1273 2873 1285 2939 ;
1314 2859 1355 2922 et

319 2971 621 3080 deindefrigore
632 2971 907 3067 saeriente,aut
915 2973 1184 3080 temperantiae
1196 2975 1354 3082 legibus

318 3136 466 3216 parum
484 3107 660 3208 servatis,
675 3087 937 3210 revertantur,
948 3131 991 3190 et
1010 3109 1123 3192 brevi
1141 3109 1355 3193 hominem

318 3267 471 3328 necent
531 3245 658 3358 Quod
678 3244 711 3325 si
727 3244 810 3325 haec
825 3245 1074 3328 irritamenta
1083 3247 1237 3330 ‘solicite
1251 3245 1354 3329 fuis-

319 3406 408 3466 sent
425 3384 561 3483 vitata,
591 3407 676 3462 non
693 3381 811 3462 video
834 3409 907 3464 cur
937 3383 1105 3468 morbus
1125 3411 1195 3492 per
1222 3407 1353 3468 totam

318 3521 445 3602 vitam
472 3547 557 3601 non
577 3518 757 3600 siluisset.
799 3519 958 3631 ,Quam
977 3547 1065 3602 rem
1082 3547 1168 3602 non
1196 3521 1352 3604 medio·

317 3657 439 3738 criter'
449 3653 664 3738 confirmat
677 3654 842 3736 historia
853 3654 1066 3762 cujusdam
1080 3657 1171 3738 tabe
1182 3655 1351 3739 haeredis

316 3794 418 3876 tatia
448 3793 656 3899 occupati3
686 3791 759 3898 qui
791 3793 836 3870 in
869 3791 1075 3898 regionem
1111 3793 1350 3902 tepidioreni

315 3929 517 4038 profectus
529 3903 746 4028 consiluit,
756 3949 798 4008 et
808 3927 954 4033 viginti
966 3955 1092 4014 annos
1105 3955 1226 4012 sanus
1235 3931 1350 4032 vixit,

314 4094 447 4174 neque
465 4065 547 4146 scio
565 4091 617 4144 an
636 4063 805 4145 morbus
824 4087 1010 4170 unquam
1021 4064 1197 4148 redierit.

367 4201 757 4310 Optimoprovisum
771 4224 842 4302 est,
861 4221 907 4282 ut
922 4227 1012 4308 quae
1025 4225 1153 4309 partes
1169 4203 1350 4311 corporis·

249 4421 252 4428 Δ
311 4340 364 4422 sd
396 4339 523 4420 vitam
555 4337 794 4440 necessariae,
831 4339 894 4418 rel
932 4361 1188 4454 summopere
1226 4341 1347 4430 utiles
