3002 5086
609 415 708 520 159

190 619 342 730 Magna
357 619 527 728 quaestio
542 642 614 720 est,
630 650 699 702 seu
712 621 846 728 potius
860 643 953 704 tum
968 645 1065 725 erat,
1079 645 1178 708 cum
1199 675 1201 682 >

138 783 290 843 certum
326 757 510 840 febrium
547 757 912 840 intermittendum
950 763 1179 842 remedium

139 896 324 976 nondum
353 917 559 1002 repertum
578 917 698 995 esset,
724 917 814 976 tuto
846 897 978 976 sanari
1003 921 1182 1004 possent,

139 1059 272 1114 necne.
332 1031 497 1114 Etenim
529 1031 595 1114 hae
631 1031 761 1114 febres
796 1035 1064 1114 censebantur
1097 1064 1180 1118 esse

139 1194 289 1252 naturae
309 1191 490 1268 conatus,
510 1170 661 1277 quibus
678 1171 842 1252 latentia
861 1171 1107 1254 morborum
1119 1203 1179 1255 se-

140 1307 249 1387 mina
273 1307 586 1412 expellerentur3
616 1335 707 1413 quae
727 1307 888 1406 scilicet,
917 1309 951 1388 si
971 1307 1047 1388 illae
1076 1337 1179 1416 prae·

140 1463 295 1523 mature
307 1443 472 1524 sublata
484 1465 626 1544 essent,
641 1443 888 1550 nescioquas
902 1444 1118 1550 tragoedias
1132 1445 1179 1524 in

141 1607 303 1687 corpore
336 1581 563 1662 excitarent
622 1581 792 1662 Medicis
828 1581 986 1687 magni'
1000 1582 1179 1662 nominis

140 1719 289 1825 placuit
305 1717 391 1798 haec
404 1717 623 1818 sententia;
652 1717 702 1798 de
722 1745 805 1824 qua
823 1719 962 1824 igitur,
982 1747 1079 1798 cum
1098 1719 1184 1825 pri-

140 1882 258 1934 mum
288 1854 534 1935 medicinam
563 1855 750 1954 facerem,
779 1853 967 1936 dubitare
1000 1878 1183 1946 menon

141 1991 297 2072 sinebat
308 2011 517 2108 tantorum
531 1990 931 2072 virorumautoritas.
984 1990 1063 2072 Sed
1076 1991 1183 2074 hanc

141 2127 378 2235 opinionem
391 2129 519 2210 indies
535 2130 682 2211 levavit
692 2157 789 2210 usus
805 2164 816 2228 3
845 2128 981 2235 etjam
993 2128 1066 2210 diu
1078 2129 1184 2210 mihi

141 2288 445 2373 persuasumest
453 2265 953 2348 febremintermittentem
961 2287 1051 2348 tuto
1059 2265 1185 2368 finiri,

70 2391 75 2403 Χ
143 2403 454 2510 quamprimum
465 2403 509 2483 id
518 2401 755 2510 fieripotest.
786 2405 922 2504 Multa
933 2427 1069 2485 autem
1078 2405 1185 2485 mala

141 2538 239 2622 oriri
254 2537 356 2638 vidi,
369 2539 443 2620 ubi
458 2541 554 2646 aegri
573 2541 728 2622 diutius
743 2541 922 2623 cunctati
941 2565 1038 2622 sunt
1056 2569 1186 2623 acces-

142 2679 275 2789 siones
290 2675 515 2784 prohibere.
574 2679 727 2759 Omnes
741 2702 895 2762 norunt
909 2679 1102 2760 corticem
1115 2681 1186 2760 Pe·

13 2789 15 2798 ,
142 2813 460 2895 mvianumesse
474 2813 634 2921 insigne
648 2813 750 2895 illud
763 2815 990 2896 remedium
1001 2815 1186 2896 humano

141 2949 282 3057 generi
312 2977 482 3032 munere
515 2951 591 3032 Dei
622 2945 827 3032 tributum
855 2952 1044 3033 adversus
1073 2951 1186 3032 hunc

141 3089 367 3188 morbum3
396 3110 435 3170 et
454 3087 585 3170 sicubi
604 3087 736 3195 prima
754 3088 923 3170 accessio
942 3088 1030 3169 talis
1049 3087 1187 3186 fuerit,

139 3224 1188 3332 utnulluslocusrelinquaturdubitationidenatura
1253 3303 1255 3314 ,

137 3364 254 3464 mali,
273 3361 351 3443 hoc
370 3362 717 3444 medicamentum
734 3363 842 3446 illico
857 3363 951 3444 dare
971 3363 1187 3446 conveniet

140 3501 211 3601 sic,
224 3521 278 3582 ut
294 3527 401 3607 aeger
415 3529 439 3581 a
454 3500 629 3582 secunda
643 3528 805 3582 securus
822 3523 1042 3607 praestetur.
1100 3500 1189 3584 Ubi

140 3637 359 3720 intercedit
374 3639 550 3745 spatium
565 3639 616 3719 ad
632 3637 881 3720 sumendum
896 3667 962 3720 sex
977 3638 1190 3720 drachmas

141 3773 272 3882 hujus
303 3775 476 3876 corticis,
502 3775 627 3857 febris
660 3775 723 3856 vel
756 3775 937 3856 multum
968 3777 1192 3873 minuetur,

141 3912 207 3992 vel
222 3898 391 4018 prorsus
403 3911 671 4023 conquiescet
730 3901 889 3993 Deinde
901 3911 1096 4024 drachma
1107 3937 1193 3990 una

142 4069 285 4130 sumta
314 4069 457 4154 quater
492 4049 675 4154 quotidie
705 4075 776 4155 per
812 4049 953 4130 decem
989 4047 1073 4128 dies
1104 4071 1193 4124 om-

143 4209 244 4264 nem
265 4205 424 4264 metum
438 4183 621 4266 recidiva
639 4185 880 4292 plerumque
895 4183 1016 4264 tollet.
1061 4182 1194 4260 Nun·
1286 4191 1290 4196 '

143 4347 277 4428 quam
297 4347 393 4404 vero
412 4321 566 4421 nocuit,
594 4343 633 4406 er
653 4349 754 4430 saepe
777 4322 877 4405 utile
895 4320 989 4419 fuit,
1016 4315 1193 4400 eundem
