3050 5084
777 491 884 596 410
941 533 943 536 ·

307 729 400 806 tur3
430 727 470 787 et
491 705 712 804 nonnulla,
727 705 880 812 quibus
900 707 1147 814 caeteroquin
1166 709 1276 790 bona
1294 732 1350 790 est

307 844 508 926 valetudo.
557 843 1193 926 Foeminisomnibusurinasine
1210 848 1353 927 volun-

307 1003 387 1062 tate
399 980 496 1062 ferri
511 979 672 1064 videtur
688 980 902 1085 promtius,
915 1009 1043 1086 quam
1057 981 1167 1062 viris.
1218 985 1351 1082 Risus,

305 1143 346 1200 et
382 1117 516 1218 tussis,
549 1117 693 1223 saepius
725 1117 836 1196 illam
867 1118 1005 1200 invitis
1046 1121 1273 1226 expellunt;
1312 1145 1350 1202 et

305 1257 524 1336 nonnullas
551 1255 652 1355 vidi,
681 1283 786 1362 quae,
815 1278 955 1366 caetera
984 1283 1103 1357 sana,
1133 1285 1350 1366 nunquam

304 1421 377 1501 per
396 1415 525 1474 totam
554 1393 682 1472 vitam
710 1395 919 1499 potuerint
946 1393 1110 1474 urinam
1130 1395 1347 1476 continere.

307 1531 594 1643 Quamobrem
604 1529 809 1610 inmorbis
823 1529 1093 1612 foeminarum
1104 1533 1346 1638 ancipitibus

304 1666 384 1749 hoc
403 1669 571 1774 rignum
591 1666 727 1748 minus
743 1689 889 1748 terrere
903 1667 1037 1768 debet,
1057 1671 1234 1776 quamsi
1253 1645 1347 1752 viris

305 1805 454 1912 pariter
466 1805 754 1910 agrotantibus
767 1805 1028 1910 contingeret.
1070 1807 1119 1885 In
1132 1807 1261 1888 causis
1274 1807 1347 1888 hn-

299 1941 369 2050 jus
385 1941 475 2022 vitii
491 1965 761 2022 numerantur
775 1941 911 2022 cuncti
927 1943 1062 2023 morbi
1078 1943 1153 2050 qui
1168 1943 1252 2025 vias
1267 1944 1348 2024 uri·

271 2079 273 2084 ’
305 2105 369 2160 nae
382 2101 602 2184 occupant;
632 2078 736 2160 sicut
745 2079 888 2160 calculi
902 2079 1106 2179 extractio,
1118 2107 1190 2160 seu
1204 2078 1276 2162 fiat
1289 2109 1345 2162 se-

306 2213 439 2298 cando
456 2216 645 2316 vesicam,
663 2217 746 2296 sive
760 2215 968 2296 dilatando
986 2215 1221 2317 urethram;
1249 2217 1345 2298 item

306 2375 448 2463 partus
470 2351 658 2450 difficilis,
688 2353 896 2460 prolapsus
916 2353 1086 2460 vagina,
1113 2355 1251 2436 morbi
1268 2357 1345 2436 Ve-

307 2491 431 2592 nerei,
449 2491 648 2598 epilepsia,
667 2489 872 2598 paralysis,
890 2513 930 2572 et
950 2492 1150 2598 quicquid
1173 2491 1345 2600 denique

309 2629 373 2710 vel
406 2655 552 2733 corpus
580 2627 836 2728 universum,
863 2629 928 2708 vel
955 2627 1027 2708 has
1060 2628 1345 2712 tantummodo

307 2745 439 2874 partes
459 2765 653 2846 debilitat.

362 2905 588 2986 Decoctum
612 2902 768 2984 corticis
788 2900 1014 2998 Peruviani‚
1043 2901 1083 2981 e't
1101 2903 1248 2984 lavatio
1274 2903 1344 2986 fn'-

307 3040 416 3147 gida,
445 3039 548 3122 vires
569 3039 728 3146 corpori
761 3037 962 3138 addendo,
983 3038 1139 3145 aliquid
1168 3038 1345 3122 conferre

307 3199 479 3286 possunt
497 3178 549 3258 ad
564 3177 641 3258 hoc
660 3159 972 3258 incommodum
987 3177 1341 3258 summovendum.

306 3313 584 3421 Emplastruna
599 3313 844 3396 cantharidis
860 3339 978 3418 super
997 3311 1161 3394 lumbos
1180 3313 1343 3421 imposi-

306 3472 412 3552 tum,
424 3451 606 3558 partibus
619 3452 713 3558 ipsis
728 3448 877 3532 affectis
890 3450 1038 3532 auxilio
1050 3451 1136 3532 erit
1184 3448 1272 3532 Ubi
1283 3451 1344 3532 his

306 3589 413 3672 nihil
431 3587 656 3695 proficitur,
674 3587 829 3697 aliquid
847 3587 1018 3669 forsitan
1037 3588 1081 3668 in
1101 3609 1247 3668 natura
1265 3587 1346 3696 spei

307 3725 374 3828 sit,
401 3727 470 3808 vix
503 3727 727 3834 quicquam
760 3709 805 3804 in
838 3724 1050 3806 medicina.
1109 3726 1264 3808 Interea
1296 3725 1345 3806 ad

306 3865 500 3947 levandos
531 3894 596 3946 eos
618 3863 691 3972 qui
711 3863 765 3944 sic
785 3855 983 3964 laborarit,
1011 3861 1139 3944 fibula
1158 3861 1345 3970 quaedam

305 4002 530 4110 excogitata
543 4003 638 4102 fuit,
653 4029 743 4108 quae
759 3997 967 4113 urethram
983 3999 1039 4080 sic
1051 3999 1347 4108 comprimeret,

303 4163 353 4224 ut
364 4140 528 4222 urinam
539 4139 728 4224 distillare
741 4135 981 4244 prohiberet.
1012 4138 1178 4220 Nemini
1190 4163 1345 4236 eorum,

304 4308 408 4390 quos
436 4278 535 4384 vidi,
559 4277 693 4366 arrisit
709 4276 787 4360 hoc
807 4275 1047 4382 inventum3
1077 4277 1181 4385 quin
1199 4275 1345 4384 potius,
