3016 5076
582 363 837 552 *3³¹

148 657 304 742 humor
315 655 444 758 albus,
455 655 501 738 in
512 681 597 763 quo
607 659 790 741 colerunt
798 653 987 764 quedam
997 675 1194 764 tanquam

148 819 270 896 creta,
284 817 325 878 et
343 794 417 888 diu
436 793 571 876 trahit.
629 794 730 876 Haec
742 793 891 893 ulcera,
908 813 949 876 et
962 792 1115 876 crebrae
1129 791 1195 872 in-

146 929 460 1032 flammationes,
488 931 540 1014 ed
564 953 796 1014 extremum
822 923 980 1014 faciunt
1009 952 1118 1014 artus
1138 929 1193 1011 ri-

144 1097 254 1176 gere,
274 1091 346 1152 aut
360 1095 527 1158 omnem
544 1093 688 1152 eonon
707 1090 872 1150 motum
889 1069 1049 1166 tollunt

71 1285 73 1292 .
200 1207 478 1296 Distentiones
490 1208 593 1290 leves
609 1203 1192 1291 musculoruminnrthritico-

141 1371 245 1452 runa,
271 1343 388 1426 malis
421 1371 528 1450 aaepe
556 1342 817 1426 numerandae
846 1363 953 1426 sunt.
1011 1341 1187 1440 Inflatio,

140 1481 268 1564 ardor
299 1503 340 1563 et
369 1508 461 1562 acor
491 1479 702 1581 stomachi,
734 1479 926 1580 cruditas,
958 1478 1188 1580 fastidium,

140 1645 309 1718 nausea,
320 1617 512 1717 vomitus,
526 1615 681 1698 dolores
697 1616 912 1700 ventriculi
926 1638 965 1698 et
975 1616 1187 1698 intestino·

50 1795 52 1802 ’
138 1783 255 1855 rum,
272 1754 442 1872 vertigo,
460 1783 583 1838 sonus
597 1755 709 1840 intua
728 1754 774 1836 in
792 1753 973 1855 auribus,
991 1775 1187 1862 torpores,
1231 1803 1233 1808 -

133 1891 319 2000 jactatio,
336 1891 492 1974 dolores
504 1891 611 1998 vagi,
629 1891 789 1991 macies,
799 1891 971 1997 languor
983 1891 1134 1972 virium
1145 1912 1186 1974 et

139 2029 396 2136 animorum,
407 2049 505 2136 sunt
523 2055 569 2108 sa
581 2029 701 2128 mala,
711 2055 759 2109 ex
774 2026 926 2134 quibus
942 2027 1068 2140 modo
1084 2025 1185 2128 haec,

138 2165 269 2246 modo
296 2165 365 2246 illa
391 2163 566 2247 instante
594 2164 773 2270 podagra
799 2164 1008 2265 accedunt,
1032 2166 1096 2246 vel
1124 2193 1184 2246 se-

139 2323 333 2410 quuntur
354 2299 624 2384 decedentem.
680 2299 835 2386 Omnia
852 2299 935 2382 fere
963 2301 1008 2380 in
1026 2322 1184 2382 vetusta

140 2435 357 2520 arthritide
368 2457 604 2536 nascuntur,
618 2463 799 2543 quorum
812 2437 935 2520 miser
949 2435 1181 2520 arthriticus

137 2593 321 2678 posteros
341 2599 436 2682 suos
457 2571 631 2654 heredes
650 2571 737 2654 fore
755 2573 876 2678 luget.

195 2709 378 2816 Podagra
405 2735 644 2818 quanquam
672 2707 789 2792 initio
818 2708 946 2790 rarius
967 2735 1091 2814 aegros
1120 2736 1184 2790 re-

137 2847 257 2948 visat,
286 2867 465 2952 tempore
483 2867 619 2928 tamen
648 2843 695 2926 fit
712 2845 963 2944 familiarior,
992 2867 1032 2928 et
1053 2873 1182 2928 acces-

138 2983 273 3064 siones
287 2981 371 3087 ejus
395 3009 493 3066 cum
521 2983 753 3082 crebriores,
767 3003 859 3064 tum
873 2983 1071 3088 longiores
1100 3007 1183 3064 esse

145 3140 462 3217 consueverunt,
481 3117 608 3200 donec
628 3119 695 3198 vix
714 3118 847 3200 ullum
865 3117 1043 3226 spatium
1062 3117 1184 3198 datur

139 3257 207 3338 rel
224 3254 278 3336 ad
297 3253 579 3339 oblectandam
597 3256 738 3356 vitam,
765 3256 829 3338 vel
848 3255 901 3338 sd
920 3255 1078 3364 reliqua
1096 3252 1181 3362 ejus
1241 3231 1245 3241 ⁸

136 3419 313 3494 munera
324 3413 364 3474 et
378 3392 539 3499 negotia
554 3393 752 3476 obeunda.
785 3392 1000 3505 Quamdiu
1015 3419 1121 3500 aeger
1135 3361 1201 3473 in⁵

136 3529 279 3615 dolore
310 3551 383 3630 est,
410 3530 585 3612 aliorum
614 3529 778 3632 auxilio,
805 3553 1004 3637 tanquam
1032 3529 1182 3630 infans,

136 3689 250 3774 egett
281 3667 351 3753 sed
374 3667 506 3751 multa
524 3669 687 3751 obstant
712 3667 953 3774 quominus
979 3665 1057 3748 hoc
1083 3694 1182 3748 aux-

136 3805 259 3890 ilium
278 3825 365 3889 tam
381 3802 510 3906 facile,
533 3825 699 3910 tamque
717 3803 897 3888 alacriter
915 3804 1180 3888 ministretur.

135 3941 248 4028 Inter
266 3941 455 4050 podagre
471 3942 580 4025 mala
603 3941 672 4024 vix
690 3941 810 4028 debet
831 3943 1038 4044 recenseri,
1067 3941 1183 4050 quod

135 4079 330 4164 omnibus
352 4078 446 4162 ritae
461 4075 609 4162 solatiis
624 4079 842 4186 corruptis,
860 4079 1098 4190 viribusque
1117 4077 1182 4158 vel

136 4215 287 4300 semim
304 4215 488 4324 perditis,
505 4217 570 4298 rel
588 4215 792 4301 incidente
811 4217 984 4326 paralysi
998 4239 1069 4300 aut
1087 4243 1183 4324 apo·

139 4352 1179 4468 ¹plertiasubitodeletis,inimatutamrnorterninferat

647 4515 676 4574 n
