3002 5086
629 514 730 610 903

158 715 407 806 testi'norum
423 718 539 802 mala.
598 719 743 826 Neque
758 715 914 800 inutilis
926 715 1002 801 erit
1015 721 1210 826 vomitus,

159 833 326 970 quoties
356 855 604 938 ventriculus
634 876 919 962 praegravetur‚
952 877 993 938 et
1029 881 1205 944 nauseet.

156 995 315 1082 Omnia
333 993 554 1076 valentiora
583 992 705 1099 hujus
732 991 886 1099 generis
914 992 1211 1082 medicamenta

155 1131 477 1238 runtfugienda.
536 1129 752 1238 Sanguinis
765 1109 959 1212 detractio
975 1155 1066 1212 raro
1081 1155 1207 1218 cessat
1307 1113 1325 1234 ⁴,

156 1270 300 1354 omnia
336 1267 791 1380 hypochondriacorum
827 1267 935 1348 mala
962 1295 1206 1376 exasperare.

155 1407 348 1494 Multum
364 1407 474 1488 abest
488 1426 536 1488 ut
551 1403 729 1512 podagra
747 1403 904 1486 animos
920 1402 1115 1488 demissos
1130 1405 1208 1490 eri-

157 1571 255 1656 gere
268 1565 406 1652 queat:
434 1543 538 1648 quin
552 1541 695 1648 saepius
708 1521 947 1647 languorem
958 1564 1089 1649 auget.
1126 1544 1210 1626 Ve-

159 1709 260 1766 rum
276 1705 362 1762 tam
376 1707 523 1788 patum
540 1679 584 1760 in
599 1678 801 1759 medicina
815 1677 997 1786 positum
1012 1701 1070 1760 est
1085 1680 1209 1786 poda·
1256 1709 1259 1720 ·

144 1847 282 1928 gram
296 1820 360 1899 vel
379 1845 523 1916 creare,
540 1817 604 1898 vel
619 1816 833 1916 concitare,
850 1817 911 1917 ut',
929 1844 1023 1898 meo
1036 1816 1210 1923 judicio,

159 1957 281 2040 ludat
310 1981 475 2062 operam
495 1952 681 2062 quisquis
712 1952 848 2034 studet
869 1951 1060 2034 affectum
1078 1951 1211 2063 hypo·

161 2091 460 2175 chondriacum
489 2119 559 2198 per
583 2087 839 2174 arthritidem
866 2089 1020 2196 fugare.
1078 2093 1210 2198 Aquse
1277 2105 1316 2170 .“

162 2229 400 2312 Bathonicae
417 2227 521 2308 mihi
537 2228 630 2310 visae
646 2249 743 2310 sunt
757 2253 921 2334 prorsus
939 2227 1114 2328 inutiles,
1132 2228 1213 2312 nisi

162 2367 242 2448 ubi
258 2365 508 2446 ventriculus
525 2363 722 2472 majorem
742 2365 788 2446 in
806 2365 983 2446 modum
1001 2365 1211 2448 laboraret.
1302 2389 1305 2396 “

165 2501 312 2610 Itaque
331 2503 407 2584 iter
427 2503 536 2602 illuc,
554 2525 594 2584 et
612 2501 832 2608 navigatio,
851 2501 1214 2609 velperegrinatio,
1246 2613 1251 2618 .

163 2660 265 2722 tum
285 2641 428 2720 solum
458 2639 660 2720 laudanda
686 2661 796 2740 sunt,
824 2667 920 2720 cum
948 2666 1050 2746 aeger
1075 2639 1215 2720 locum

169 2777 373 2858 mutando
388 2805 492 2856 onus
505 2805 711 2878 curarum,
726 2801 797 2858 aut
810 2777 1014 2876 moeroris,
1032 2776 1216 2883 negotio·

172 2939 317 2994 rumve
337 2911 535 3020 deponere
551 2915 684 3020 possit.
744 2915 936 2996 Utiliores
953 2935 1049 2994 sunt
1067 2913 1215 2995 lavatio

171 3049 344 3150 marina,
362 3073 402 3132 et
421 3079 536 3158 aquae
556 3051 815 3161 chalybeatae,
835 3079 925 3159 quae
940 3050 1215 3166 valetudinem

172 3186 412 3290 firmiorem,
421 3209 461 3270 et
473 3217 617 3296 corpus
631 3185 837 3271 robustius
850 3189 1032 3271 reddant.
1079 3187 1218 3268 Gum-

173 3323 406 3426 mi-resinae,
425 3348 464 3409 et
482 3327 597 3408 radix
616 3326 825 3408 valerianae
846 3323 1062 3436 sylvestris,
1080 3346 1120 3406 et
1138 3323 1220 3410 fer-.-

147 3449 154 3456 ’
174 3489 271 3558 rum
287 3461 489 3546 habentur
503 3463 547 3548 in
562 3491 735 3553 numero
748 3462 1023 3544 remediorum
1035 3461 1087 3544 ad
1102 3459 1220 3545 affee-

174 3619 241 3682 tus
262 3625 501 3702 nervorum;
531 3600 731 3708 quicquid
759 3623 897 3684 autem
925 3599 1002 3682 illis
1024 3599 1221 3701 tribuam,

175 3763 224 3817 ex
239 3736 413 3818 aliorum
428 3739 684 3820 medicorum
698 3738 925 3838 autoritate,
944 3735 1220 3844 potiusquam

176 3899 225 3954 ex
253 3901 346 3974 usu,
374 3873 479 3954 mihi
508 3873 721 3981 cognitum
753 3895 823 3956 est.
883 3873 1097 3986 Quoniam
1124 3899 1222 3956 vero

177 4009 295 4092 nervi
323 4011 539 4092 ventriculi
567 4033 608 4094 et
635 4011 839 4094 viscerum
867 4010 1016 4120 caeteris
1043 4007 1222 4116 corporis

177 4145 312 4226 nervis
329 4147 638 4254 quodammodo
652 4147 931 4247 dominentur,
950 4167 990 4227 et
1003 4145 1049 4226 in
1063 4173 1128 4226 eos
1144 4145 1224 4226 im·

179 4281 345 4392 perium
354 4283 544 4386 habeant;
567 4313 664 4368 cum
674 4313 840 4394 quoque
851 4283 975 4366 inhas
983 4303 1112 4390 partes
1123 4308 1226 4390 preo-

181 4421 299 4530 cipue
313 4423 1022 4538 incumbanthypochondriacorum
1037 4419 1224 4532 ethyste·
