3050 5084
748 413 749 420 i
820 441 924 546 336

322 654 439 738 dolor
457 655 502 734 in
520 653 761 760 expellendis
780 653 894 736 durio
915 655 1172 754 stercoribus,
1191 675 1234 736 et
1252 651 1364 761 cupi-

320 792 424 874 ditas
440 791 579 872 crebra
593 791 734 890 urinae,
749 819 841 898 quae
855 792 1038 874 redditur
1050 819 1147 874 cum
1157 791 1300 874 dolore
1309 791 1361 872 ab

320 951 499 1010 extrema
527 927 693 1008 uretbra
722 956 852 1034 usque
886 929 938 1010 ad
975 957 1087 1010 renes
1126 929 1361 1036 pertinente.

320 1065 408 1148 Ubi
423 1044 599 1148 ecirrhns
612 1065 907 1172 suppuraverit,
925 1093 1070 1148 mucus
1085 1066 1207 1148 etiam
1221 1091 1364 1148 cruen-

320 1223 385 1284 rue
402 1224 493 1310 post
506 1203 670 1283 urinam
684 1203 778 1302 exit,
795 1224 836 1284 et
846 1203 1019 1284 testiculi
1033 1225 1205 1284 tument.
1233 1204 1362 1284 Ulcus

319 1339 443 1448 hujus
472 1341 594 1447 partis
625 1340 670 1420 in
699 1339 940 1422 intestinum
970 1363 1129 1424 rectum
1152 1340 1362 1422 interdum

318 1477 561 1584 penetravit3
580 1475 689 1558 unde
704 1475 933 1560 factumest
951 1498 999 1560 ut
1013 1477 1175 1586 spiritus
1190 1504 1261 1585 per
1270 1503 1365 1558 ure·

319 1612 457 1696 thram
475 1613 626 1696 exierit.
1111 1644 1114 1652 ’

374 1750 496 1831 Malis
527 1777 576 1831 ex
604 1749 682 1832 hoc
715 1751 815 1836 vitio
845 1729 953 1834 ortis·
973 1779 1123 1860 magna
1151 1749 1362 1832 intercedit

319 1885 544 1984 similitudo
559 1915 655 1970 cum
670 1888 761 1990 illis,
783 1887 999 1996 quae.fiunt
1023 1917 1073 1970 ex
1090 1888 1241 1970 calculo
1259 1886 1361 1968 veri-

320 2050 402 2124 oae3
425 2045 499 2106 nec
518 2023 674 2132 ubique
692 2024 811 2108 facile
829 2047 889 2108 est
907 2027 1079 2106 alterum
1098 2023 1293 2106 morbum
1307 2023 1359 2106 ab

318 2162 442 2252 altero
461 2161 694 2246 discernere.
752 2163 820 2244 Ad
838 2163 915 2244 hoc
935 2164 1038 2245 scitu
1052 2163 1150 2244 utile
1169 2183 1228 2244 est
1245 2161 1359 2242 dolo-

317 2324 406 2380 rem
425 2326 473 2380 ex
490 2322 666 2406 prostata
686 2301 825 2382 sentiri
844 2301 962 2382 initio
981 2300 1183 2402 meiendi3
1212 2301 1258 2380 in
1277 2300 1357 2380 cal·

318 2437 411 2518 culo
426 2459 562 2519 autem
581 2466 666 2518 non
684 2438 763 2520 nisi
782 2438 858 2518 sub
875 2437 978 2520 fine:
1007 2459 1100 2520 tum
1118 2435 1300 2520 vectione
1314 2435 1359 2516 in

318 2601 456 2676 curru,
474 2575 538 2656 vel
556 2575 600 2655 in
612 2601 733 2682 equo,
760 2603 904 2656 mucus
925 2597 1114 2656 cruentus
1133 2601 1219 2656 non
1237 2601 1358 2680 auge-

317 2710 430 2794 bitur
444 2711 489 2792 in
507 2733 692 2818 prostatae
712 2712 871 2808 morbo,
891 2740 1023 2818 neque
1041 2712 1157 2794 dolor
1175 2711 1358 2794 intende-

316 2867 386 2930 tur
396 2843 412 2949 ς’
430 2849 543 2954 quod
561 2869 785 2954 utrumque
804 2831 944 2932 contra
960 2847 1022 2950 fit,
1039 2849 1113 2932 ubi
1132 2849 1261 2930 vesica
1278 2847 1358 2929 cal·

314 2985 407 3068 culo
425 2985 616 3084 laborat*.

328 3199 332 3210 .
372 3125 477 3204 Cum
492 3121 664 3229 suspicio
676 3122 798 3232 hujus
814 3121 949 3203 morbi
963 3122 1106 3206 oborta
1115 3121 1252 3222 fuerit,
1269 3118 1357 3202 chi·

315 3285 463 3366 rurgus
492 3259 746 3340 arcessendus
776 3282 847 3358 est,
876 3259 950 3366 qui
968 3287 1096 3340 manu
1114 3258 1356 3366 plerumque

316 3395 518 3498 ocirrhum
532 3417 716 3502 prostatae
731 3395 1013 3502 deprehendet,
1028 3396 1061 3476 si
1076 3417 1214 3476 tumor
1226 3393 1354 3475 etdn-

242 3523 247 3536 ’
314 3531 423 3638 rities
439 3533 520 3614 sint
538 3531 780 3645 majusculae.
814 3535 870 3614 At
884 3532 958 3614 ubi
976 3531 1094 3614 initio
1111 3530 1248 3614 morbi
1266 3529 1353 3612 haec

314 3667 429 3774 signa
448 3669 529 3749 sint
547 3669 731 3772 obscura,
758 3690 798 3751 et
816 3668 954 3768 dubia,
971 3667 1086 3749 facile
1105 3662 1192 3748 fieri
1211 3685 1353 3773 potest,

312 3781 783 3912 nt,exploratione'facta‚
793 3833 879 3886 non
889 3806 1029 3888 eadem
1041 3802 1352 3884 sitdiversorum

315 3941 603 4048 chirurgorum
623 3933 817 4023 sententia
836 3942 886 4022 de
904 3963 1049 4022 natura
1067 3939 1175 4022 mali.

369 4065 517 4162 Parnm
546 4080 632 4187 opis
659 4101 718 4162 est
742 4079 787 4160 in
808 4077 1010 4162 medicina
1034 4077 1087 4160 ad
1108 4076 1349 4159 solvendum

248 4417 253 4424 .
362 4316 373 4424 ,Ι
450 4359 1213 4454 *DeCalculoUn'naernprqdirtomestcapstedss
