2990 5078
618 415 716 531 147

146 629 285 712 sensim
313 629 450 738 serpit,
478 651 600 738 atque
628 657 676 711 ex
705 629 783 710 alio
810 627 857 709 in
884 627 1012 708 alium
1040 626 1178 708 locum

146 765 289 846 transit.
349 767 562 848 Interdum
573 795 619 848 ea
633 766 718 848 cuti
732 792 838 846 noxa
853 763 1117 872 imprimitur,
1128 783 1177 844 ut
1215 831 1218 838 .

145 875 250 982 brevi
268 899 340 985 fiat
370 905 485 984 ulcus
504 931 590 984 non
616 904 695 987 nisi
714 903 826 984 tarde
846 903 897 982 ad
926 901 1178 982 sanationem

143 1061 367 1159 uenturum.
413 1042 474 1120 Ex
486 1041 668 1123 vericulis
682 1041 895 1148 praedictis,
912 1039 988 1120 ubi
1002 1065 1176 1118 numero

144 1175 269 1280 plures
288 1177 458 1278 fuerint,
477 1179 668 1276 nascitur,
697 1200 916 1284 postquam
934 1198 1063 1282 ruptae
1082 1174 1178 1274 sint,

142 1313 373 1394 exulceratio
392 1315 547 1415 dolens,
569 1342 661 1422 qua·
680 1335 860 1396 ceratum
879 1313 967 1393 lene
986 1313 1176 1420 postulat,

141 1451 444 1558 quoavestibus
456 1450 706 1534 defendatur.
749 1453 1058 1532 Praestatautem
1070 1447 1175 1528 nihil

141 1587 302 1669 omnino
322 1588 530 1695 imponere
549 1614 668 1696 super
687 1589 773 1668 loca
791 1585 943 1686 affecta,
962 1585 1041 1666 nisi
1059 1587 1171 1666 exul-

141 1725 279 1805 ceratio
309 1725 545 1832 poposcerit
605 1725 753 1824 Febris,
782 1739 873 1830 quae
903 1721 987 1804 fere
1015 1748 1173 1828 semper

140 1861 295 1961 accedit,
319 1861 449 1969 major
474 1883 534 1944 est
552 1889 679 1969 quam
704 1889 778 1968 pro
797 1859 922 1940 modo
941 1855 1173 1938 inflamma-

140 1997 267 2100 tionis,
280 2021 322 2080 et
333 2015 419 2080 non
431 2025 521 2080 raro
533 1999 752 2080 intantum
766 2019 883 2102 urget
894 2017 943 2076 ut
956 2023 1070 2080 mens
1086 2017 1173 2075 tur-

139 2132 251 2218 betur
263 2173 275 2237 ;
305 2165 611 2245 nonnunquam
625 2137 748 2218 etiam
759 2163 869 2219 mors
889 2135 1173 2242 consequitur3

140 2297 258 2378 quam
276 2276 440 2356 subesse
467 2275 667 2357 indicabit
685 2275 813 2380 pallor
833 2272 1175 2380 earumpartium

13 2455 14 2460 ι
140 2435 223 2516 quae
234 2433 354 2494 antea
365 2412 606 2494 rubuerunt.
650 2409 927 2523 Quorundam
939 2436 1106 2516 corpora
1117 2409 1175 2490 ita

139 2547 324 2630 ridentur
356 2569 598 2654 comparata,
626 2569 676 2628 ut
705 2545 901 2652 majorem
925 2547 971 2626 in
998 2546 1174 2628 modum

140 2685 403 2792 subjiciantur
421 2685 518 2768 huic
534 2685 694 2784 morbo,
712 2706 752 2765 et
766 2685 925 2766 crebros
940 2685 1092 2766 reditus
1108 2711 1175 2765 ex·

138 2823 349 2926 periantur.
399 2823 451 2902 Et
466 2849 559 2902 sane
575 2822 811 2929 quicunque
826 2821 895 2901 illo
910 2823 1031 2902 semel
1046 2843 1176 2903 tenta-

138 2977 197 3037 tus
215 2957 310 3060 fuit,
336 2980 553 3066 cumputo
576 2959 762 3066 deinceps
781 2985 863 3040 esse
891 2960 1085 3064 repetenti
1104 2987 1176 3066 op-
1287 3061 1291 3072 Ι

139 3099 425 3198 portuniorem.
458 3097 644 3210 Quidam
655 3097 887 3208 erysipelate
900 3098 1020 3179 semel
1028 3119 1099 3178 aut
1110 3097 1175 3180 bis

139 3234 352 3336 quotannis
379 3235 552 3340 correpti
568 3231 740 3316 fuerunt
764 3235 1002 3341 permultos
1032 3261 1172 3316 annos.

138 3366 409 3478 Nequaquam
438 3373 567 3456 securi
596 3393 692 3454 sunt
712 3372 894 3480 juvenes,
922 3391 962 3452 et
990 3372 1175 3472 robusti3

121 3505 264 3586 multo
281 3529 420 3590 tamen
439 3511 587 3616 saepius
608 3531 829 3609 tentantur,
848 3510 922 3616 qui
942 3529 1059 3592 aetate
1078 3529 1176 3590 sunt

137 3635 336 3745 inclinata,
356 3673 619 3754 quorumque
634 3647 823 3728 valetudo
835 3647 960 3756 coepit
974 3675 1176 3755 conquas·
1210 3631 1213 3640 Δ

138 3778 221 3860 sari.
280 3783 506 3891 Erysipelas
522 3813 752 3892 nunquam,
768 3807 973 3892 quantum
988 3785 1083 3883 scio,
1099 3785 1177 3867 hu-

137 3939 264 3997 mores
294 3945 564 4026 supervacuos
583 3922 803 4023 evocando,
831 3924 883 4004 ad
902 3923 1178 4006 valetudinem

138 4052 313 4154 profuit;
343 4056 447 4163 quin
465 4081 606 4140 contra
625 4059 684 4140 illi
703 4059 838 4142 officit.

190 4188 346 4272 Natura
362 4191 487 4300 hujus
508 4196 644 4276 morbi
659 4194 821 4283 videtur
838 4209 922 4280 esse'
936 4199 1178 4304 plerumque

140 4322 327 4432 maligna,
340 4351 389 4414 ut
403 4331 550 4415 medici
566 4333 809 4440 loquuntur,
828 4333 962 4440 potius
976 4363 1103 4440 quam
1117 4333 1180 4414 in-

626 4495 689 4552 na
