3104 5084
313 733 408 788 esne
427 705 574 813 sperari
602 725 731 814 potest
759 734 833 790 nos
853 709 1033 790 multum
1061 705 1274 816 profecisse
1301 709 1351 790 ad

313 843 541 926 sanandum
559 845 767 942 morbum,
787 845 864 951 qui
875 844 942 924 vix
958 843 1089 924 adhuc
1108 845 1260 943 locum,
1279 867 1348 926 aut

316 1007 468 1065 nomen
487 979 531 1060 in
545 979 799 1062 medicorum
810 981 922 1060 libris
938 982 1104 1067 invenit.
1154 981 1296 1093 Quies,
1314 1005 1353 1063 et

311 1137 439 1221 tepor,
464 1137 504 1197 et
523 1115 686 1222 spiritus
706 1115 806 1215 vini,
834 1139 1002 1222 aegrotos
1021 1117 1105 1200 fere
1123 1117 1349 1202 deficientes

313 1275 507 1352 recreant,
518 1274 558 1334 et
569 1280 774 1358 angorem,
788 1253 864 1334 ubi
878 1251 1032 1342 diutius
1052 1275 1201 1352 manet,
1219 1254 1352 1334 disco.

311 1391 434 1474 tiunt.
491 1391 646 1496 Opium
668 1389 767 1472 hora
786 1389 921 1471 somni
948 1389 1092 1472 datum
1111 1389 1282 1495 impedit
1299 1401 1350 1470 n'e

180 1593 186 1603 .
311 1527 482 1612 morbus
507 1551 632 1608 noctu
651 1525 825 1606 invadat.-
884 1526 1060 1608 Memini
1079 1555 1212 1609 unum
1226 1555 1274 1608 ex
1288 1526 1350 1608 his

295 1663 427 1784 *agris
446 1663 626 1746 laborem
656 1661 733 1744 sibi
762 1663 976 1768 imperasse
1004 1663 1213 1746 dividendi
1244 1691 1350 1744 serra

311 1799 423 1906 ligna
441 1825 511 1904 per
530 1797 773 1896 semihoram
801 1799 996 1904 quotidie,
1023 1821 1063 1882 et
1083 1789 1245 1882 tantum
1264 1827 1348 1880 non

313 1957 501 2024 lanatum
533 1935 666 2018 fuisse.
725 1937 909 2019 Unicum
939 1935 1038 2035 vidi,
1071 1937 1116 2021 in
1153 1964 1239 2042 quo
1271 1936 1348 2017 hoc

256 2124 259 2132 ·
312 2071 469 2158 malum
482 2094 622 2177 sponte
639 2099 710 2152 sua
725 2069 891 2158 finitum
905 2093 973 2156 est·
1022 2073 1238 2178 Sanguinis
1253 2072 1349 2152 mis-

313 2210 388 2308 sio,
416 2207 608 2308 vomitus,
649 2231 688 2290 et
725 2209 952 2316 purgantis,
970 2208 1092 2290 'mihi
1130 2209 1216 2290 viss
1252 2231 1348 2292 sunt

312 2345 451 2430 aliena.

368 2486 520 2566 Recens
547 2482 716 2588 scriptor
734 2481 892 2566 itineris*
916 2509 987 2587 per
1004 2482 1124 2587 Alpes
1147 2481 1242 2566 facti
1263 2481 1347 2566 haec

311 2617 451 2708 habet:
479 2617 605 2730 “Qui
622 2619 741 2724 Alpes
763 2619 976 2718 scandunt,
995 2646 1091 2701 cum
1104 2619 1192 2724 jem
1211 2647 1348 2726 perve-

311 2762 337 2808 “
356 2754 490 2836 nerint
509 2755 559 2836 ad
579 2757 677 2851 loca,
696 2781 875 2860 quorum
890 2753 1061 2836 altitudo
1076 2757 1197 2836 maris
1211 2783 1348 2862 super-

310 2887 489 2972 “ficiem
519 2917 642 2996 prope
675 2903 734 2971 ter'
766 2891 876 2970 mille
909 2919 1047 2996 passus
1078 2913 1252 2996 superat,
1278 2919 1345 2974 eoe

313 3035 338 3076 ‘⁴
358 3055 459 3134 saepe
471 3049 640 3134 occupat
651 3025 945 3133 ingratissimus
957 3055 1093 3110 sensus
1107 3029 1223 3134 quasi
1238 3029 1346 3108 lassi-

312 3171 336 3216 “
356 3165 523 3264 tudinis,
542 3165 639 3246 adeo
655 3187 702 3248 ut
718 3191 879 3270 prorsus
895 3191 979 3244 non
994 3165 1150 3246 valeant
1170 3187 1347 3270 quatuor

312 3309 337 3388 .“
356 3301 528 3414 amplius
556 3329 693 3408 passus
713 3301 944 3401 ambulare;
973 3301 1064 3382 etsi
1092 3301 1236 3406 pedem
1254 3327 1348 3407 pro-

311 3435 459 3522 “fem
487 3437 745 3536 contendant,
773 3437 970 3518 continuo
1008 3437 1144 3518 anima
1176 3435 1346 3520 deficiat.

311 3579 338 3624 “
356 3572 428 3658 Sin
450 3573 606 3680 gradus
635 3575 797 3656 sistatur
827 3573 952 3654 modo
971 3573 1210 3680 vigesimam
1238 3575 1347 3657 horae

225 3757 229 3772 ·
313 3716 339 3760 ‘⁶
359 3729 526 3818 partem,
545 3709 732 3816 quamvis
747 3689 831 3790 non
847 3709 1111 3808 consederint,
1126 3711 1257 3792 omnis
1273 3699 1347 3792 iste
1442 3696 1446 3710 ’

311 3827 681 3930 “3'512‘10‘350115‘
702 3873 839 3928 sensus
859 3848 1014 3946 transit,
1031 3869 1071 3928 et
1089 3847 1192 3928 vires
1212 3849 1360 3930 redin-·

311 3987 339 4072 ⁶⁴,
357 3978 635 4089 tegtantur*.l'
692 3981 771 4062 His
787 4003 890 4064 certe
905 4009 990 4068 nou
1002 3981 1213 4065 mediocris
1224 3983 1348 4066 inter-

312 4120 418 4204 cedit
437 4117 663 4206 similitudo
679 4103 776 4202 eum
795 4117 941 4202 affectu
952 4119 1002 4202 de
1023 4147 1107 4229 quo
1126 4147 1258 4206 sermo
1276 4144 1347 4208 est.

350 4333 369 4370 ⁸
384 4331 526 4403 Sason,
544 4311 900 4410 l'oyapssoloutlmdlpos,
914 4343 992 4389 tome
1006 4327 1025 4388 i.
1039 4350 1070 4408 p.
1083 4331 1151 4390 482.
1362 4408 1367 4417 Ι

312 4471 318 4482 =
351 4429 455 4494 celius
466 4431 654 4504 Aurelianis,
669 4429 746 4494 solus
756 4443 899 4544 qpmturn
911 4429 970 4492 seio
979 4429 1177 4510 mthoomm
1189 4451 1284 4513 peuce
1296 4431 1350 4494 lto·
