3002 5086
179 687 481 805 intestinorum,
499 696 699 804 epilepsia,
728 720 769 780 et
785 697 925 780 multis
946 697 1085 806 capitis
1105 697 1221 784 affec-

59 835 66 857 '
180 835 304 936 tibus,
332 836 469 942 quales
490 858 587 916 sunt
605 859 785 916 tumores
805 836 1007 936 scirrhosi,
1026 859 1095 918 aut
1115 815 1228 944 aqua¹

178 972 222 1052 in
252 963 429 1071 cerebro,
458 995 528 1053 aut
561 976 663 1054 ictus
698 972 918 1078 graviores,
940 995 1019 1076 ‚aut
1049 973 1219 1054 forsitan

176 1135 300 1216 prava
325 1111 517 1216 quaedam
545 1110 698 1190 cerebri
727 1107 999 1192 conformatio
1026 1139 1049 1190 a
1077 1139 1219 1216 paren-

176 1247 287 1356 tibus
299 1247 449 1328 insanis
462 1247 649 1328 derivata
680 1246 844 1351 vigilia,
853 1267 895 1327 et
906 1275 1043 1328 sensus
1056 1250 1217 1354 angoris
1240 1293 1242 1300 1

177 1385 220 1465 in
235 1373 469 1478 visceribus,
487 1385 564 1491 qui
581 1413 681 1492 saepe
697 1385 856 1466 videtur
871 1385 923 1466 ad
941 1408 1063 1492 caput
1082 1415 1217 1468 ascen·

172 1520 282 1620 dere,
296 1522 538 1602 antecedunt
552 1522 701 1628 potius,
713 1549 843 1627 quam
853 1543 990 1602 creant
1001 1521 1213 1602 insaniam.

171 1635 568 1740 Mulieres'videntur
578 1657 885 1764 opportuniores
898 1685 980 1739 esse
995 1657 1090 1738 huic
1099 1681 1217 1740 mor-¹

173 1793 240 1894 bo,
260 1823 390 1902 quam
404 1796 497 1896 viri,
512 1818 604 1876 tum
619 1797 797 1876 maxime
811 1818 991 1900 tempore
1005 1817 1154 1899 partus,

183 1931 189 2002 ἶ
227 1929 391 2010 Insania
419 1930 558 2012 inillis
589 1933 744 2035 morbis
771 1952 1023 2028 numeratur,
1052 1931 1124 2036 qui
1144 1930 1213 2010 vix
1262 1989 1265 1996 ,

171 2095 361 2174 unquam
379 2095 420 2150 se
439 2069 620 2175 produnt
638 2092 731 2150 ante
757 2069 1023 2174 pubertatem.
1081 2068 1213 2154 Semel
1255 2102 1257 2111 ·

170 2225 335 2286 tantum
366 2205 449 2284 vidi
478 2206 686 2306 insanum,
713 2207 791 2312 qui.
817 2182 1025 2290 decimum
1053 2209 1211 2287 sextum

171 2369 331 2424 annum
350 2343 538 2422 nondum
557 2345 835 2448 compleverat.
894 2344 1068 2424 Morbus
1089 2343 1212 2422 haere-

168 2479 340 2560 disarius
361 2479 571 2560 interdum
592 2479 711 2560 latuit
726 2503 858 2586 usque
877 2479 929 2560 ad
944 2501 1210 2577 senectutem

167 2629 208 2696 'et
221 2625 336 2696 mens
355 2615 524 2696 demum
540 2643 624 2696 non
636 2617 714 2696 nisi
729 2639 820 2722 post
835 2617 1128 2720 sexagesimum
1141 2643 1212 2698 an·

170 2780 276 2832 num
295 2754 453 2834 turbari
468 2754 605 2860 coepit.

225 2891 380 2972 Insedit
392 2889 594 2971 inanimis
610 2889 829 2970 bominum
845 2888 997 2996 opinio,
1010 2889 1211 2972 insaniam

170 3054 193 3105 a
211 3025 319 3108 lunae
338 3026 439 3106 facie
461 3028 653 3132 pendere3
679 3055 811 3136 quam
835 3025 1070 3134 opinionem
1089 3051 1211 3108 nemo

170 3164 277 3244 unus
298 3191 349 3245 ex
366 3147 773 3271 insanis,'quos'vidt,
790 3159 1059 3244 confirmavit.

223 3299 419 3382 Arthritis
438 3303 665 3382 existimata
682 3323 741 3382 est
760 3301 856 3381 alios
876 3299 1043 3380 morbos
1065 3323 1208 3382 ornnes
1256 3286 1260 3292 ¹
1324 3361 1326 3367 s

162 3438 401 3539 absorbere,
414 3461 454 3518 et
468 3439 626 3545 penitus
646 3439 822 3520 insuam
834 3459 1025 3518 naturam
1039 3457 1211 3538 mutate,

166 3575 223 3656 ita
241 3597 290 3658 ut
306 3575 375 3659 vix
388 3577 472 3656 ulla
483 3577 649 3681 vestigia
663 3576 837 3656 aliorum
857 3573 1091 3672 affectuum,
1111 3599 1225 3690 prer-⁴
1298 3592 1305 3606 “

167 3733 227 3794 ter
241 3713 367 3812 bunc,
382 3713 426 3792 in
442 3739 606 3820 corpore
621 3714 834 3820 supersint.
896 3715 1039 3824 Quam
1053 3738 1143 3792 vere
1158 3709 1210 3790 de

166 3849 378 3932 arthritide
397 3849 483 3932 hoc.
494 3851 652 3932 dictum
669 3850 735 3950 sit,
754 3849 931 3930 viderint
949 3850 1040 3946 alii3
1073 3847 1208 3927 nullus

167 4009 304 4068 autem
322 3987 469 4067 dubito
489 4011 554 4067 me
574 3985 730 4094 aliquid
748 3985 947 4092 ejusmodi
975 3985 1019 4064 in
1040 3985 1211 4090 quibus-

164 4123 263 4204 dam
278 4124 428 4206 insanis
449 4123 766 4230 deprehendisse.
824 4123 1049 4221 Nimirum,
1067 4121 1112 4200 in
1127 4147 1212 4200 uno

166 4289 192 4340 a
206 4259 318 4342 feb're
332 4262 446 4368 gravi
465 4285 711 4370 assurgente,
739 4257 911 4368 languor
926 4259 1078 4339 virium
1100 4287 1211 4338 sum-

166 4423 260 4480 mus
280 4421 376 4502 erat,
392 4421 435 4483 et
449 4399 637 4486 valetudo
653 4399 879 4482 admodum
898 4394 1089 4498 infirma;
1119 4425 1210 4504 pro·
