3002 5086
293 737 296 748 '
328 711 446 810 citius
474 695 614 822 irenit‚'¹
630 719 699 803 sed
729 743 867 802 tamen
885 719 1044 801 minore
1063 745 1160 800 cum
1179 718 1368 807 cruciatu.

328 865 510 968 Magnus
530 859 596 940 ille
616 885 717 939 verae
738 855 1001 966 philosophiae
1016 855 1275 956 instaurator,
1295 858 1372 938 Ve-

329 998 525 1096 rulamus,
549 995 733 1104 queritur
754 994 939 1074 studium
954 993 1196 1072 euthanasiae
1210 993 1374 1074 medicis

330 1133 442 1218 haud
482 1131 576 1214 satis
611 1131 770 1212 cultum
799 1129 934 1210 fuisse.
1012 1128 1164 1210 Medici
1193 1128 1372 1235 profecto

329 1297 482 1352 munus
514 1291 586 1368 est,
626 1267 783 1374 aegrotis
819 1266 1033 1346 sanitatem
1061 1265 1225 1346 reddere
1238 1300 1250 1366 ;
1280 1293 1373 1346 cum

330 1399 469 1492 tamen
496 1433 544 1488 ex
572 1409 657 1514 lege
685 1427 839 1486 naturae
861 1405 936 1486 erit
955 1404 1121 1484 tandem
1150 1405 1373 1512 unicuique

330 1541 567 1627 mortalium
583 1543 789 1650 aegrotatio
803 1543 915 1624 nulla
929 1565 1012 1622 arte
1029 1541 1294 1644 medicabilis,
1306 1544 1371 1624 be·

332 1659 484 1766 nevolae
525 1683 649 1788 hujus
679 1681 774 1762 artis
809 1679 1101 1788 profeseoribus
1130 1681 1374 1778 conveniret,

332 1847 509 1904 mortem
547 1821 836 1920 inevitabilem,
881 1843 1088 1928 quantum
1120 1817 1209 1900 fieri
1237 1843 1376 1926 potest,

334 1984 484 2042 terrore
504 1957 619 2038 omni
639 1957 833 2064 spoliare3
861 1979 901 2037 et
928 1957 1003 2036 ubi
1031 1983 1118 2036 non
1145 1956 1292 2036 datum
1319 1977 1375 2038 est

336 2097 514 2206 praedam
534 2094 658 2175 morti
677 2115 927 2200 extorquere,
955 2093 1025 2175 sed
1053 2095 1136 2175 vita
1159 2093 1376 2176 necessario

212 2286 215 2294 ,
334 2231 556 2316 amittenda
575 2253 645 2330 est,
665 2259 829 2337 operam
849 2233 989 2311 saltem
1001 2231 1112 2328 dare,
1132 2253 1181 2312 ut
1192 2259 1290 2312 cum
1301 2229 1376 2310 mi-

339 2369 453 2450 nima
472 2367 717 2477 crudelitatis
733 2367 860 2472 specie
880 2367 1101 2448 amit'tatur.

233 2509 234 2512 ‘
255 2533 257 2540 ’
346 2530 349 2538 ·
395 2508 498 2588 Ileus
514 2505 725 2586 interdum
739 2503 787 2586 fit
806 2533 901 2586 cum
914 2503 1086 2612 ¹hemia3
1113 2505 1377 2612 inquorum,
1409 2573 1411 2578 ,

341 2643 544 2752 siquidem
563 2643 607 2722 id
636 2641 752 2722 facile
782 2643 906 2748 possit
939 2639 1040 2744 fieri,
1067 2641 1308 2724 intestinum
1335 2641 1377 2723 i'n

339 2771 524 2863 ¹uentrem
543 2779 684 2886 reponi
712 2777 842 2860 debet.
900 2781 1059 2860 Verum
1083 2779 1211 2860 dubia
1229 2805 1290 2860 res
1308 2797 1378 2879 est,

340 2945 392 2999 an
412 2917 565 2998 multus
582 2916 696 2996 labor
724 2913 820 2996 huic
849 2917 961 3024 operi
989 2917 1285 3023 impendendus
1314 2915 1374 2997 sit.

337 3053 544 3136 Incertum
564 3053 675 3134 enim
694 3075 765 3152 est,
793 3053 933 3134 hernia
952 3081 1075 3135 necne
1096 3053 1147 3135 sit
1165 3055 1290 3156 eedeS,
1316 3055 1375 3135 vel
1481 3051 1482 3087 ¹

338 3219 456 3273 causa
475 3188 836 3282 inflammationis;
865 3217 962 3271 cum
989 3191 1087 3271 iieus
1111 3219 1213 3298 saepe
1235 3192 1376 3274 incidit

342 3327 427 3408 sine
446 3327 601 3426 hernia,
629 3349 668 3408 et
687 3327 827 3408 hernia
854 3327 926 3408 diu
956 3356 1117 3410 manere
1137 3351 1269 3435 potest
1297 3331 1378 3410 sine
1480 3357 1481 3369 ¹

340 3448 428 3545 ileo.
488 3465 629 3570 Itaque
648 3459 920 3545 inflammatio
949 3493 1114 3573 quoque
1143 3465 1282 3546 cedere
1309 3471 1375 3572 po·'

341 3619 432 3698 test,
460 3597 552 3680 licet
580 3599 720 3680 hernia
748 3625 1003 3708 permaneat3
1033 3601 1380 3708 quemadmodum

341 3757 443 3843 'saepe
469 3737 661 3837 nascitur,
688 3739 763 3818 ubi
792 3740 903 3820 nulla
931 3739 1055 3820 fuerit
1083 3739 1235 3822 hernia
1290 3731 1379 3819 Po's-

338 3895 469 3954 tremo
487 3873 586 3954 ileus
607 3877 884 3980 perseveravit,
912 3899 952 3957 et
980 3879 1024 3958 in
1052 3900 1227 3958 mortem
1252 3877 1379 3974 desiit,
1478 3865 1479 3933 ἶ

339 4010 463 4092 etiam
482 4011 556 4092 ubi
571 3995 812 4092 intestinum
826 4013 899 4093 rite
914 4013 1038 4094 fuerit
1051 4013 1287 4120 repositum.
1326 4013 1381 4093 Ut

339 4139 387 4228 'u't
407 4176 467 4229 res
482 4171 554 4249 est,
584 4149 717 4230 omnis
737 4149 927 4230 violentia
947 4153 991 4229 in
1011 4151 1243 4257 reponendo
1264 4145 1381 4232 intesss
1477 4211 1478 4215 κ

339 4281 427 4364 tino
456 4285 622 4366 vitanda
640 4309 712 4386 est,
742 4287 893 4394 quippe
922 4315 1013 4394 quae
1044 4309 1220 4393 augeret,
1248 4288 1378 4394 potius

249 4457 252 4462 ·
341 4447 470 4528 quam
482 4423 684 4505 minueret
696 4423 1074 4540 inflammationem.
1098 4409 1379 4512 Abunde'mu
1476 4479 1477 4497 ψ
