3002 5086
575 509 676 623 187

112 725 218 812 limos
236 743 335 804 sunt
352 717 540 803 foeminis
560 719 606 800 in
624 719 719 802 coeli
739 720 931 827 temperie
951 721 1152 826 calidiore,

114 885 151 944 at
167 861 210 942 in
236 859 492 967 graviditata,
519 880 559 939 et
579 879 664 938 tam
683 857 794 958 viris,
822 885 949 966 quam
968 859 1152 944 foeminis

112 997 321 1080 ermorbis
333 995 526 1102 gravibus
536 1017 607 1078 aut
615 995 746 1102 longis
756 996 1034 1102 surgentibus3
1054 997 1155 1080 item

115 1135 351 1234 sanioribus,
378 1154 418 1213 et
437 1131 668 1232 arthriticis,
695 1153 736 1212 et
753 1132 803 1212 iis
830 1159 1013 1244 quorum
1035 1159 1154 1220 crura

114 1271 197 1350 lasa
215 1269 372 1350 fuerint
390 1269 489 1369 ictu,
517 1269 580 1351 vel
599 1268 851 1370 distortione,
870 1270 934 1351 vei
952 1271 1155 1350 exulcera-

114 1405 391 1516 tiono,quaeve
411 1405 465 1486 ob
485 1431 650 1488 causam
667 1405 752 1488 fere
771 1433 1066 1516 quamcunque
1079 1407 1155 1488 do·

115 1543 265 1626 luerint.
327 1541 584 1650 Hujusmodi
612 1563 792 1626 tumores
812 1545 876 1623 vel
907 1565 1051 1650 sponte
1079 1573 1154 1630 sua

116 1677 326 1781 finiuntur,
354 1681 417 1760 vel
439 1679 525 1761 sine
553 1679 732 1787 periculo
757 1701 952 1780 manent3
981 1681 1155 1788 ideoque

115 1815 210 1902 nihil
236 1817 316 1898 illis
342 1833 445 1924 opus
472 1837 534 1898 est
561 1815 775 1898 medicina.
832 1819 891 1898 At
919 1817 994 1898 ubi
1022 1819 1154 1926 longit
1238 1873 1241 1880 ·

113 1953 258 2038 morbis
288 1955 553 2062 pulmonum,
580 1976 652 2036 aut
689 1953 937 2055 abdominis,
963 1983 1155 2063 supervo·

117 2091 222 2174 niant
239 2115 424 2175 tumores
444 2093 488 2174 in
506 2092 710 2193 cruribus,
738 2091 890 2173 indicio
910 2115 1008 2174 sunt
1033 2121 1157 2200 grave

118 2229 275 2338 aliquod
285 2229 446 2310 malum
458 2231 620 2311 subesse
632 2229 676 2310 in
688 2251 860 2338 pectore,
871 2251 942 2312 aut
953 2251 1105 2331 ventre,
1115 2251 1158 2313 et
1276 2333 1280 2342 1

119 2385 287 2449 mmores
299 2387 592 2450 assurrecturos
602 2395 684 2448 esse
692 2367 737 2446 in
742 2366 905 2474 justum
914 2365 1158 2478 hydropem,
1258 2371 1267 2396 ⁰

120 2501 186 2608 qui
203 2527 336 2585 morte
351 2505 595 2612 plerumque
614 2504 867 2586 terminatur.

168 2640 363 2748 Hydrops
393 2663 583 2724 nontam
611 2641 696 2748 ipse
725 2643 896 2723 morbus
924 2627 998 2742 eso
1026 2668 1156 2752 quam

121 2777 246 2856 morbi
261 2777 432 2884 alicujus
449 2779 629 2885 signum,
643 2802 682 2859 et
697 2780 938 2888 plerumque
955 2779 1157 2894 capitalis3

122 2907 283 3020 ideoque
295 2913 513 3022 saepissime
524 2914 573 2996 fit
584 2915 726 2997 mortis
737 2917 1007 3024 praenuncius.
1034 2921 1158 3026 Aqua

124 3073 215 3154 saepe
242 3073 400 3158 reperta
425 3051 509 3134 fuit
536 3054 582 3134 in
609 3053 794 3136 thorace:
824 3054 895 3139 sed
922 3053 1022 3154 haec,
1049 3055 1158 3136 dum

125 3181 240 3270 homo
269 3188 387 3290 vivit,
414 3191 527 3271 nulla
552 3213 659 3274 certa
689 3214 799 3291 nota,
828 3213 1034 3300 quantum
1062 3193 1159 3294 scie,

124 3319 247 3430 detegi
276 3349 419 3434 potest.
476 3331 634 3412 Natura
660 3327 835 3412 thoracis
865 3328 1036 3436 impedit
1073 3357 1159 3437 quo

125 3458 252 3542 minus
263 3485 405 3545 tumor
418 3465 564 3574 aliquis
574 3489 688 3550 extra
699 3489 907 3574 appareat;
927 3489 968 3548 et
979 3467 1160 3576 spirandi

125 3593 329 3681 difficultas
349 3629 397 3690 ex
415 3600 599 3710 hydrope
620 3605 789 3709 pectoris
810 3604 910 3685 adeo
930 3633 1001 3711 per
1019 3605 1161 3690 omnia
1231 3681 1234 3703 ,

128 3731 259 3815 similis
273 3757 333 3818 ast
351 3737 409 3818 illi
424 3765 516 3848 quae
532 3769 580 3826 ex
596 3741 682 3822 aliis
699 3769 866 3848 quoque
881 3742 1011 3823 causis
1032 3745 1161 3827 nasci·
1277 3749 1281 3756 '

129 3887 202 3970 tur,
230 3895 281 3982 ut¹
296 3877 460 3956 nullum
485 3875 751 3961 manifestum
779 3877 902 3984 hujus
928 3879 1026 3960 mali
1053 3881 1162 3962 indi-

131 4004 234 4088 cium
251 4012 437 4117 praebeat.

182 4145 372 4255 Hydrops
385 4151 550 4252 ventris,
564 4151 647 4232 sive
662 4149 814 4251 ascites,
828 4153 1086 4260 cognoscitur
1096 4175 1163 4235 tu,

132 4275 259 4378 more‚'
277 4305 316 4366 et
348 4315 463 4394 aquae
494 4287 728 4371 fluctuantis
759 4315 892 4390 sensu,
919 4291 994 4370 ubi
1023 4313 1163 4373 venter

134 4413 246 4504 sltera
272 4449 397 4506 manu
426 4425 622 4573 palpatur,
653 4427 775 4510 altera
805 4427 1028 4534 premitur:
1058 4427 1163 4510 nihii
