3016 5076
204 1477 506 1586 Gemmas
539 1497 815 1584 Haaaaomi
832 1509 957 1582 natus
977 1511 1041 1582 est
1056 1498 1243 1582 Londini

203 1632 258 1716 Α.
273 1631 331 1716 D.
350 1637 472 1732 1710,
484 1635 529 1718 in
541 1663 630 1745 qua
642 1637 748 1720 urbe
766 1637 931 1720 usitatis
945 1636 1137 1746 pueritiae
1150 1636 1244 1719 lite-

204 1771 261 1854 ris
279 1771 498 1856 institutus
514 1784 590 1854 est.
618 1771 824 1856 Exeunte
840 1799 952 1858 anno
971 1776 1078 1866 1724
1092 1772 1243 1854 missus

205 1919 271 1988 est
289 1904 622 2019 Cantabrigiam‚
643 1921 687 1992 et
706 1909 747 1990 in
766 1905 956 2022 Collegio
972 1907 1013 1992 S.
1033 1907 1062 1996 J
1065 1907 1241 1992 ohannis

130 2080 132 2092 ⁴
204 2043 357 2128 studiis
379 2043 636 2130 academicis
655 2044 861 2144 imbutus,
893 2055 991 2156 post
1007 2071 1080 2128 sex
1110 2073 1242 2128 annos

205 2179 398 2290 ejusdem
417 2181 586 2292 collegii
605 2181 745 2297 socios
765 2181 925 2264 electus
945 2192 1024 2272 est.
1081 2179 1149 2264 Ex
1167 2181 1242 2268 illo
1322 2231 1326 2239 ·

205 2316 362 2428 partim
389 2313 690 2428 cantabrigiae,
713 2317 867 2428 partim
889 2315 1088 2414 Londini,
1108 2315 1242 2400 medi·
1335 2373 1337 2378 -

161 2557 163 2562 ,
206 2453 313 2536 cinae
330 2451 545 2534 discendae
558 2479 732 2562 operam
745 2452 878 2535 dedit.
924 2451 1080 2544 Factus
1098 2449 1162 2534 M.
1181 2451 1239 2536 D.

206 2570 338 2686 annos
358 2589 525 2674 circiter
540 2587 690 2674 decem
711 2600 843 2672 arcem
876 2613 996 2670 suam
1018 2585 1242 2672 Cantabri·

206 2724 287 2836 giae
307 2725 512 2822 exercuit,
531 2736 576 2810 et
594 2725 720 2808 simul
737 2723 933 2808 Materiae
951 2721 1139 2808 Medicae
1158 2723 1241 2808 his.

206 2861 410 2944 toriamet
421 2889 521 2964 usos
526 2861 799 2973 juventutem
811 2859 1102 2954 academicam
1115 2873 1242 2972 quot-

206 2997 327 3082 annis
344 2997 505 3084 docuit.
581 2997 708 3118 Anao
730 2995 839 3098 1746
858 3008 1085 3110 cooptatus
1105 3011 1169 3080 est
1197 2999 1241 3084 in

206 3131 444 3244 Collegium
475 3133 635 3246 Regale
656 3133 926 3228 Medicorum
956 3135 1243 3220 Londinense.

206 3264 1243 3384 BienniopostrelictaCantabrigiaLondinumsc

206 3407 1242 3520 contulit,etinSocietatemRegiamadscitusest.

202 3543 257 3634 In
276 3541 358 3643 hac
379 3544 566 3656 denique
583 3545 689 3636 urbe
707 3545 881 3656 triginta
898 3545 1081 3659 amplios
1109 3571 1244 3652 annac

204 3680 314 3766 inter
328 3694 507 3792 aegmtos
519 3681 875 3794 occupatissimus
889 3681 1013 3776 vixit3
1042 3682 1241 3795 nimirum

205 3816 344 3912 donec
365 3829 468 3901 aetas
480 3817 573 3929 jam
593 3818 806 3930 grandior,
826 3829 876 3902 ut
892 3847 919 3902 a
936 3818 1067 3922 tantis
1085 3817 1243 3906 labori-
1331 3833 1334 3838 ’

204 3953 285 4044 bus
300 3952 508 4063 paulatim
522 3981 566 4036 se
578 3955 852 4054 subduceret,
868 3955 1086 4038 monebat.
1144 3950 1243 4038 Coe·
1298 4039 1301 4052 ,
1430 3945 1434 3960 “

203 4087 270 4200 pit
288 4088 437 4199 itaque
452 4089 542 4172 otio
560 4089 780 4202 indulgere
797 4118 872 4202 per
891 4090 1057 4178 aestivos
1077 4117 1243 4201 memes

202 4224 249 4312 in
269 4207 399 4308 domo
419 4250 550 4334 quam
571 4225 725 4310 habuit
739 4225 1002 4332 Vindesoriae
1018 4226 1074 4324 ad
1091 4226 1242 4336 vigesi-

201 4387 322 4470 mum
343 4361 400 4470 ab
416 4361 521 4472 ωδε
536 4362 746 4478 lapidem:
777 4363 916 4450 hieme
936 4361 1156 4470 inteream
1173 4388 1242 4446 ur·
1273 4405 1275 4410 ·
