2990 5078
244 625 293 702 In
312 649 409 702 sexu
421 619 614 702 muliebri
632 617 796 726 porrigo
809 620 1025 710 nonnullas
1046 620 1252 702 infestavit
1272 651 1297 701 a

247 760 381 866 prima
401 779 513 840 aetate
532 786 664 865 usque
683 758 735 837 ad
754 757 898 837 mortis
917 757 1042 857 diem,
1061 787 1194 865 neque
1209 761 1294 838 ulla
1354 767 1360 782 '

248 895 379 976 victus
396 916 467 973 aut
487 893 676 974 medendi
696 893 851 978 ratione
870 891 958 974 tolli
978 895 1122 999 potuit.
1181 895 1298 1002 Saep'e

250 1053 394 1112 sanatu
413 1026 587 1110 difficilis
607 1051 666 1112 est
685 1030 806 1110 etiam
826 1030 871 1108 in
891 1031 1026 1136 pueris
1048 1031 1189 1138 quiex
1209 1033 1297 1112 aliis

249 1195 340 1249 eam
359 1167 644 1267 contraxerint,
665 1168 820 1274 quique
836 1167 1020 1274 alioquin
1031 1169 1181 1277 integri
1200 1170 1294 1250 sint.

166 1289 170 1298 ¹
249 1309 359 1388 Ante
372 1305 474 1385 duos
487 1325 615 1385 tresve
628 1331 783 1385 menses
797 1331 888 1385 raro
905 1327 1190 1386 summovetur
1197 1341 1209 1406 ;
1238 1329 1299 1386 at-

252 1442 397 1551 quein
424 1441 631 1523 nonnullis
651 1463 743 1550 post
770 1439 942 1522 totidem
962 1468 1093 1524 anuos
1114 1443 1182 1524 vix
1201 1441 1301 1523 fini-

255 1601 323 1662 tus
343 1601 414 1662 est.
1257 1595 1259 1600 ·

308 1717 510 1824 Principio
530 1737 652 1823 caput
675 1715 904 1798 radendum
922 1739 995 1818 est,
1023 1739 1063 1799 et
1083 1739 1299 1824 unguento

160 1917 166 1932 .
254 1853 353 1962 picis
374 1835 686 1961 superimposito
700 1853 830 1934 vesica
845 1855 962 1934 suilla
982 1855 1296 1960 contegendum.

253 1992 349 2072 Hoc
367 1989 666 2072 medicamento
693 1989 857 2098 porrigo
876 1989 984 2072 intra
1002 1991 1106 2074 duos
1127 1993 1190 2073 vel
1218 2001 1297 2074 'tres

255 2141 412 2212 menses
425 2155 526 2236 saepe
536 2128 715 2234 fugatur.
745 2127 873 2240 Quod
882 2129 916 2208 si
928 2130 1154 2234 squamulae
1162 2129 1301 2211 denuo

250 2277 531 2366 renascantur,
557 2265 657 2345 utile
677 2265 752 2344 erit
781 2285 903 2370 caput
932 2293 1051 2346 mane
1079 2285 1119 2346 et
1138 2292 1300 2372 vespere

257 2404 504 2511 lavareaqua
515 2405 560 2482 in
572 2431 653 2509 qua
666 2401 892 2482 helleborus
903 2403 1018 2482 albus
1032 2401 1301 2502 decoctusest,

258 2541 386 2622 donec
406 2542 526 2622 nullae
546 2539 719 2647 amplius
739 2525 1048 2648 conspiciantur.
1107 2535 1195 2620 Ubi
1214 2567 1302 2620 ma·

232 2661 234 2666 ’
259 2679 347 2760 lum
366 2679 483 2758 altius
503 2675 782 2784 penetraverit,
811 2697 1029 2783 cutemque
1048 2675 1303 2757 exulcerare-

260 2815 326 2916 rit,
344 2839 437 2896 tum
448 2813 650 2922 oportebit
662 2815 779 2893 alutae
799 2812 953 2896 illinere
966 2835 1006 2892 et
1019 2803 1303 2920 superinjicere

260 2975 521 3058 unguentum
533 2951 649 3032 calcis
661 2948 906 3057 hydrargyri
919 2935 1043 3048 albae;
1066 2949 1304 3056 idquetam·

260 3087 334 3170 diu
349 3089 563 3170 admovere
582 3069 711 3167 donec
730 3087 845 3166 ulcus
866 3086 916 3165 ad
936 3086 1149 3166 sanitatem
1176 3085 1303 3169 fuerit

259 3225 515 3338 perductum.
574 3225 624 3304 In
636 3249 807 3332 corpore
823 3249 920 3302 sano
936 3221 1005 3301 vix
1025 3251 1126 3329 opus
1142 3245 1203 3304 est
1217 3251 1308 3306 mee

177 3458 180 3464 Δ
262 3361 499 3443 dicamentis
518 3361 629 3443 intus
648 3360 766 3460 datis,
783 3360 857 3440 ubi
876 3381 1033 3440 constat
1051 3351 1303 3468 porriginem

264 3500 413 3581 recenti
432 3499 673 3606 contagione
691 3519 939 3578 contractam
957 3525 1051 3580 esse.

655 3777 719 3854 De
739 3772 890 3854 Scalae.

322 3911 371 3992 In
389 3938 520 4018 psora,
538 3913 602 3992 vel
621 3910 766 4010 scabie,
783 3927 1008 3990 nascuntur
1027 3907 1205 4016 pustulae
1225 3911 1307 3992 exi-

255 4051 355 4157 'guae
389 4077 496 4156 aqua
533 4048 682 4155 plenae:
711 4047 804 4128 licet
836 4029 1046 4126 interdum
1072 4045 1307 4153 majuscula

266 4186 347 4268 sint
366 4212 464 4268 cum
480 4163 751 4268 fundamento
771 4184 911 4286 rubro,
924 4203 973 4264 et
990 4207 1092 4290 pure
1110 4183 1308 4290 implean-

263 4345 347 4428 tur,
376 4323 460 4408 fere
487 4345 686 4432 tanquam
708 4321 885 4405 variolae.
942 4320 1099 4430 Species
1131 4341 1306 4432 utraque
