3016 5076
802 531 872 626 22

313 740 419 839 titia,
447 765 543 848 quae
563 737 716 838 avulsa,
734 736 801 818 vel
819 756 962 844 sponte
987 763 1061 818 sua
1083 736 1207 820 rimas
1231 763 1362 848 agens,

315 875 531 958 sordidum
557 873 720 956 exhibet
744 873 862 954 ulcus
891 872 978 955 sine
1000 872 1087 978 ullo
1112 901 1225 982 pure.
1283 878 1359 956 Hae

314 1035 459 1096 crustae
478 1013 608 1094 solent
626 1037 821 1120 occupare
838 1009 1034 1110 tonsillas,
1052 1005 1192 1092 velum
1207 1013 1363 1120 pendu-

255 1189 261 1210 ·
315 1151 405 1232 lum
420 1149 554 1258 palati,
572 1149 756 1250 mulam,
774 1146 1059 1255 oesophngum,
1076 1147 1300 1250 trocheum,
1325 1171 1365 1232 et

315 1310 419 1369 totas
434 1288 544 1370 intus
561 1313 702 1386 narem
731 1311 780 1368 ex
799 1311 977 1394 quarum
989 1285 1171 1394 partium
1189 1309 1364 1388 tumore,

304 1425 392 1507 wubi
420 1425 554 1512 ulcera
581 1423 736 1506 fuerint
753 1424 834 1505 alta
861 1443 903 1505 et
927 1449 1161 1524 numerosa,
1191 1452 1297 1533 eger
1319 1421 1366 1506 fit

317 1587 478 1662 raucus,
489 1561 553 1643 vel
563 1587 644 1642 vox
654 1559 714 1642 illi
724 1559 808 1642 fere
816 1559 1097 1668 supprimitur.
1127 1559 1364 1670 Aliquando

317 1699 442 1782 etiam
460 1719 604 1805 guttur
615 1697 874 1798 extrinsecus,
888 1719 927 1780 et
944 1719 1031 1779 tota
1041 1691 1176 1800 facies,
1190 1719 1363 1781 tument.

373 1834 474 1917 Vidi
488 1863 563 1942 ego
583 1833 717 1942 primo
736 1835 874 1917 morbi
898 1835 965 1918 die
979 1855 1118 1922 cutem
1131 1834 1365 1918 universam

320 1974 471 2055 rubore
482 1969 691 2078 suffirsem.
722 1971 935 2054 Interdum
946 1971 1289 2056 brochiatantum
1299 1999 1366 2055 ru·

151 2189 158 2206 ,
320 2113 515 2211 buerunt,
530 2131 570 2192 et
588 2131 739 2217 pectus.
797 2111 847 2191 In
865 2105 952 2197 aliis
970 2107 1037 2192 bic
1057 2111 1169 2192 color
1181 2137 1270 2192 non
1288 2107 1366 2191 nisi

321 2268 469 2356 quarto
480 2247 617 2328 morbi
627 2245 692 2328 die
710 2245 756 2326 in
769 2268 1032 2354 conspectum
1043 2245 1169 2328 venit:
1189 2246 1367 2354 denique

321 2384 368 2465 in
383 2382 633 2490 quibusdam
646 2383 784 2465 nullus
800 2383 971 2464 omnino
985 2383 1114 2466 rubor
1126 2381 1210 2467 fuit
1219 2409 1294 2492 per
1306 2405 1367 2465 to-

321 2543 414 2602 turn
428 2521 634 2602 morbum.
692 2521 835 2604 Colore
854 2521 1015 2628 vigente
1041 2548 1149 2630 aeger
1166 2548 1255 2605 non
1273 2521 1369 2605 rele-

321 2681 439 2740 vatus
458 2679 531 2760 est,
548 2679 588 2740 et
603 2657 818 2740 decedente
832 2685 918 2740 uon
936 2659 1049 2766 pejus
1068 2653 1226 2742 habuit.

379 2793 571 2904 inspectis
589 2793 776 2878 faucium
789 2794 933 2878 crustis
948 2797 1180 2904 conjectura
1198 2797 1368 2906 quidem

323 2920 413 3016 fieri
440 2954 571 3042 potest
599 2933 649 3015 de
677 2933 857 3044 periculo
884 2933 994 3041 aegri,
1022 2933 1138 3044 quod
1159 2963 1207 3016 eo
1235 2934 1367 3041 majus

323 3071 413 3172 erit,
431 3097 517 3180 quo
528 3071 647 3152 latius
661 3071 742 3153 illae
757 3092 938 3169 manent,
953 3073 1168 3180 quorltius
1179 3073 1369 3155 carnibus

322 3207 538 3310 insideant,
557 3235 643 3317 quo
661 3207 838 3290 haereant
851 3209 1108 3316 pertinacius,
1126 3239 1211 3320 quo
1226 3209 1368 3318 sepius

324 3365 598 3445 renascantur,
617 3367 657 3426 et
671 3345 801 3452 magis
817 3343 869 3426 od
897 3373 1159 3454 gangraeuam
1177 3325 1367 3455 spectent.

324 3480 663 3564 Conditiotamen
674 3481 1062 3565 harumcrustarum
1071 3478 1274 3587 indexest,
1284 3507 1369 3578 non

325 3639 464 3700 eutem
482 3645 602 3700 causa
619 3619 798 3726 periculi.
857 3619 993 3702 Febris
1006 3622 1119 3704 enim
1137 3617 1369 3704 istiusmodi

324 3777 398 3856 est,
416 3775 458 3836 et
470 3756 514 3837 in
525 3777 688 3838 tontum
700 3755 943 3864 affliguntur
955 3757 1073 3860 vires,
1084 3780 1135 3840 ut
1145 3759 1261 3842 liceat
1271 3785 1371 3868 ptu-

325 3894 429 3974 clare
448 3891 668 4000 intelligere
686 3893 850 4001 gravius
869 3895 1003 3978 multo
1022 3895 1183 3980 subesse
1200 3897 1372 3994 malum,

327 4055 456 4138 quam
469 4031 619 4130 uvulae,
636 4054 707 4111 aut
721 4031 978 4114 tonsillarum
991 4030 1196 4135 affectum,
1213 4061 1315 4144 quas
1326 4031 1371 4114 iu

327 4167 414 4248 aliis
434 4166 589 4249 morbis
607 4193 709 4276 saepe
723 4169 911 4252 videmus
930 4170 1016 4252 sine
1034 4171 1127 4254 vite
1138 4171 1370 4256 discrimine

327 4303 453 4407 erodi,
480 4327 582 4414 quae
600 4306 723 4390 etiam
750 4306 945 4390 novimus
972 4327 1074 4392 tuto.
1094 4337 1210 4418 posse
1226 4305 1366 4394 excidi.
