2990 5078
771 491 867 583 lea

293 701 456 798 etalter,
469 723 566 779 cum
578 695 668 776 aliis
677 694 728 776 ‹le
739 694 870 786 causis
881 723 1088 794 sumerent
1099 700 1341 796 drachmam

293 835 451 921 corticis
471 832 685 914 Peruviani
706 831 889 938 quotidie
908 863 980 940 per
999 838 1153 919 multos
1169 869 1343 942 menses,

292 969 1342 1080 interealiberatisuntgravedineetdestillationibus,

293 1113 446 1223 quibus
460 1109 657 1217 majorem
667 1107 713 1187 in
724 1107 899 1190 modum
918 1110 1102 1204 vixerant
1121 1116 1304 1204 obnoxii.

628 1337 1011 1366 Ἣ

612 1568 619 1581 ,
712 1465 819 1564 Car.
848 1467 914 1545 25.

519 1623 586 1704 Dc
606 1623 841 1712 Devororsdi
859 1621 1124 1730 Drffictdlote.

348 1786 592 1866 Facuuras
614 1783 837 1868 devorandi
856 1785 975 1868 variis
995 1785 1190 1869 decausis
1211 1787 1341 1868 modo

291 1920 541 2020 debilitatur,
558 1921 683 2002 modo
696 1949 859 2028 prorsus
873 1921 1085 2004 amittitur.
1137 1923 1184 2002 ln
1201 1923 1342 2031 hyste-

197 2053 199 2058 ’
293 2056 367 2140 rici
385 2059 522 2138 morbi
541 2057 699 2164 impetu
718 2088 819 2171 serpe
846 2057 893 2140 fit
911 2081 960 2142 ut
978 2058 1081 2138 nihil
1111 2060 1342 2166 quicquam

293 2191 428 2276 fauces
440 2195 590 2276 intrare
602 2197 740 2303 possit.
770 2195 996 2281 Difficultas
1009 2223 1176 2303 quoque
1191 2197 1340 2284 cibum

290 2353 359 2410 -ut
389 2331 600 2438 potionem
621 2333 805 2442 capiendi
832 2333 877 2414 in
911 2310 1121 2416 nonnullis
1150 2331 1340 2414 foeminis

293 2493 450 2576 semper
469 2493 605 2552 secuta
618 2493 677 2552 est
691 2470 992 2576 graviditatem.'
1045 2471 1207 2552 Malum
1222 2469 1340 2554 aliud

289 2625 364 2705 est,
394 2607 438 2686 in
465 2635 549 2714 quo
580 2609 686 2690 inter
704 2607 910 2692 edendum
928 2605 1063 2690 fauces
1092 2629 1253 2714 repente
1269 2635 1340 2688 oc-

291 2741 522 2844 cluduntur,
539 2765 579 2826 et
597 2745 701 2826 nihil
720 2744 989 2826 transmittere
1010 2745 1177 2850 possint,
1202 2744 1337 2828 donec

290 2857 384 2986 post
396 2879 578 2986 ingentes
592 2903 774 2980 conatus,
789 2881 863 2988 qui
875 2881 1055 2962 multum
1067 2880 1235 2986 pituitas,
1250 2879 1337 2962 cibi

291 3043 387 3098 vero
399 3017 566 3100 comesti
576 3017 680 3099 nihil
690 3019 908 3126 expellunt,
919 3018 1033 3100 brevi
1045 3017 1097 3116 ad
1112 3017 1337 3124 pristinum

289 3175 442 3236 statim
457 3155 604 3237 reversi
616 3155 708 3236 sint.
763 3153 1019 3261 Hujusmodi
1034 3181 1216 3260 spasmus
1229 3181 1337 3236 non·

288 3293 424 3372 nullos
452 3321 553 3398 saepo
581 3291 769 3391 infestam
813 3293 976 3374 nullum
1007 3313 1145 3374 tamen
1174 3281 1336 3374 certmn

286 3425 508 3508 circuitum
534 3429 656 3510 habet
663 3465 674 3530 3
704 3429 774 3510 sed
796 3428 922 3510 modo
951 3427 1056 3511 redit
1074 3451 1165 3535 post
1190 3430 1336 3522 decem

285 3563 388 3663 dies,
416 3565 540 3645 modo
568 3587 629 3648 ter
648 3587 840 3674 quaterve
869 3565 914 3648 in
943 3593 1052 3646 anno
1080 3593 1150 3672 per
1180 3565 1335 3646 multos

287 3701 428 3783 annos.
487 3689 668 3784 Musculi
688 3731 854 3810 quoque
874 3703 959 3809 ejus
979 3701 1102 3808 partis
1122 3701 1334 3785 interdum

287 3837 505 3948 paralytice
533 3842 805 3942 resolvuntur,
825 3862 865 3922 et
892 3840 1085 3922 devorare
1104 3861 1331 3946 nequeunt.

286 3977 493 4058 Omnium
510 4005 606 4060 vero
621 3976 959 4085 periculosissima
975 3999 1036 4058 est
1054 3977 1130 4058 ista
1148 3975 1334 4060 faucium

283 4115 485 4223 angustia,
497 4143 588 4224 quae
600 4115 769 4198 initium
783 4115 968 4198 haberer
983 4113 1333 4224 tumoreglaudu·

285 4251 421 4334 larum
453 4277 672 4355 strumoso,
701 4253 840 4362 quiin
858 4253 972 4340 nulla
989 4275 1101 4360 parte
1118 4252 1331 4362 oesophagi

284 4417 370 4472 non
386 4413 517 4500 potest
535 4391 644 4474 oriri.
701 4395 742 4498 ls
762 4413 902 4478 tumor
915 4391 961 4474 in
979 4390 1064 4480 diet
1076 4413 1222 4481 auctus
1242 4409 1330 4483 tm·
