3050 5084
797 511 903 626 394

320 727 413 812 ideo
442 725 629 825 interum,
656 745 696 808 et
725 723 1025 810 anocissimum
1051 724 1236 810 dolorem
1256 753 1361 812 nun-

321 892 451 974 quam
464 863 682 960 excitasset.
818 927 824 940 .

377 999 519 1100 Multi,
544 1021 594 1080 ut
625 997 820 1100 vidimus,
845 999 1002 1082 dolores
1021 998 1074 1082 ad
1091 999 1360 1086 ventriculum

320 1135 424 1220 falso
442 1133 701 1236 referuntur3
721 1155 899 1218 etcausae
910 1163 1057 1221 eorum
1074 1135 1150 1244 qui
1163 1137 1361 1220 reverasd

320 1273 442 1356 illum
473 1270 675 1380 pertinent
703 1293 801 1353 sunt
818 1273 1000 1354 multum
1017 1271 1195 1356 divmae.
1251 1271 1362 1354 Hinc

320 1409 449 1517 igitur
458 1407 681 1518 petendum
694 1425 768 1510 est,
781 1435 855 1490 cur
868 1406 988 1492 facies
999 1407 1151 1492 horum
1160 1409 1363 1492 malorum

321 1565 409 1632 tam
426 1543 538 1628 varia
555 1543 621 1646 sit,
647 1565 687 1626 et
705 1571 779 1626 cur
796 1543 938 1628 eadem
953 1543 1144 1630 medendi
1156 1543 1260 1630 ratio
1278 1567 1363 1631 tam

322 1683 501 1766 diversos
519 1683 648 1768 exitus
666 1681 824 1765 habeat.

377 1821 510 1928 Aquae
529 1817 773 1918 Bathonicae,
802 1819 962 1921 vinum,
979 1817 1261 1922 calefacientia,
1281 1819 1365 1902 vic·

324 1977 392 2040 tus
421 1983 471 2038 ex
488 1953 679 2064 frugibus
697 1975 738 2038 et
755 1954 958 2038 fructibus
977 1983 1081 2064 quos
1099 1975 1206 2038 terra
1221 1953 1366 2065 gignit,

324 2091 553 2200 pungentia,
572 2077 768 2190 ιοιιιὶιιιι,1
784 2089 1016 2198 graviditas,
1031 2091 1223 2194 arthritis,
1240 2091 1365 2192 acida,

323 2227 640 2330 anthelmintica,
657 2249 697 2310 et
714 2229 929 2336 emplastra
947 2257 1039 2336 quae
1058 2227 1233 2312 erodunt
1245 2253 1364 2336 snper

324 2363 583 2474 stomachnni
595 2365 797 2472 imposita,
814 2365 939 2448 modo
950 2364 1221 2474 profecerunt,
1238 2363 1363 2448 modo

170 2489 173 2499 Κ
324 2525 566 2604 nocuerunt,
593 2505 647 2586 et'
665 2502 874 2586 interdum
904 2501 1073 2588 fuerunt
1105 2529 1361 2611 supervacua.

325 2631 545 2748 Postquain
559 2661 707 2722 attente
725 2638 970 2746 inquisitum
984 2638 1166 2722 fueritin
1176 2661 1364 2722 naturam

324 2775 501 2876 doloris3
530 2776 564 2856 si
591 2776 657 2858 ille
684 2803 821 2858 revera
847 2777 1114 2860 aventriculo
1132 2776 1298 2878 oriatur,
1325 2797 1364 2858 st

324 2939 460 3022 neque
476 2909 746 2998 inflammatio
765 2913 829 3014 sit,
847 2939 921 2996 nec
939 2911 1130 3015 scirrhus‚
1147 2941 1249 3022 saepe
1267 2913 1364 2996 utile

326 3071 386 3136 est
404 3049 538 3157 prirno
566 3075 741 3150 vomere,
767 3049 912 3132 deinde
940 3075 1098 3132 sumere
1125 3051 1189 3132 vel
1215 3077 1363 3158 aquam

327 3185 606 3288 Bathonicmn,
632 3185 695 3267 vel
724 3187 931 3293 pulverem
948 3213 1136 3272 amarum
1153 3207 1193 3269 et
1210 3212 1366 3270 aroma·

191 3343 195 3356 ·
327 3323 472 3424 ticum,
487 3343 582 3422 aut,
609 3321 643 3403 si
662 3349 768 3428 aegro
790 3321 1014 3430 jucundius
1033 3322 1170 3426 fuerit,
1197 3351 1303 3432 aqua
1319 3323 1363 3404 in

328 3487 456 3568 quam
474 3457 625 3542 eaedem
642 3457 777 3542 herba
795 3459 926 3542 missa
946 3481 1055 3563 sunt,
1073 3459 1153 3561 cui,
1169 3459 1246 3544 nbi
1263 3489 1361 3571 opus

328 3617 400 3698 est,
432 3593 550 3704 adjici
578 3617 707 3702 potest
734 3596 798 3678 vel
825 3595 985 3698 rheum‚
1018 3598 1082 3682 vel
1108 3599 1208 3700 eloi,
1235 3596 1291 3682 sic
1316 3619 1365 3682 ut

329 3733 443 3816 alvus
462 3754 597 3832 tenere
616 3755 806 3814 servetur.
864 3733 1071 3818 Tincturae
1099 3761 1267 3844 quoqne
1295 3763 1364 3818 cu·

321 3868 491 3980 jusiibet
504 3869 728 3952 aromaticae
739 3891 864 3976 gutta
879 3867 1096 3980 sexaginta,
1113 3872 1176 3956 vel
1190 3871 1253 3954 bis
1272 3871 1364 3956 toti·

327 4005 438 4105 dem,
469 4031 518 4090 ex
546 4031 661 4113 aquae
689 4007 911 4090 cochleario
939 4031 1083 4092 sumtae
1112 4008 1249 4092 statim
1274 4030 1363 4118 post

325 4143 559 4254 prandium,
586 4143 793 4230 stomacho
825 4144 1026 4232 laboranti
1044 4145 1258 4258 nepisinae
1275 4144 1363 4234 fuss

328 4278 601 4404 ntntauxiiio.
