3104 5084
157 713 263 815 tatio,
282 711 522 794 immodicas
543 711 752 820 sanguinis
771 713 922 794 uterini
942 712 1194 821 profusiones

156 849 318 951 faciant3
339 877 439 958 quas
451 849 574 930 etiam
587 849 712 930 secuti
724 870 821 930 sunt
832 849 987 932 dolores
1000 879 1139 958 grayes
1152 853 1200 962 in

157 988 291 1094 capite,
309 987 444 1086 dorso,
462 1007 502 1068 et
513 985 750 1088 visceribus,
768 1007 808 1067 et
823 1016 984 1069 summa
998 989 1196 1071 debilitas.

157 1122 365 1206 interdum
384 1149 553 1230 quoque
573 1123 659 1204 sine
674 1123 818 1230 quavis
838 1151 956 1204 causa
972 1125 1198 1231 manifesta,

156 1283 360 1341 menstrua
396 1259 571 1340 modum
608 1281 851 1359 consuetum
881 1261 1094 1358 excedunt,
1133 1259 1197 1344 vel

157 1397 265 1504 quod
274 1395 402 1477 nimis
423 1425 525 1504 saepe
539 1397 716 1498 redeant,
733 1398 796 1478 vel
809 1397 922 1504 quod
937 1399 1106 1498 diutius,
1125 1420 1196 1480 aut

156 1535 353 1642 copiosius
365 1533 560 1616 ferantur.
612 1535 757 1641 ,Hujus
773 1535 928 1641 generis
942 1535 1195 1640 profusiones

157 1697 308 1753 menses
328 1671 485 1778 aliquot
503 1693 820 1778 perseverarunt,
849 1671 911 1751 vel
930 1672 1053 1752 etiam
1074 1693 1196 1752 tantae

156 1805 334 1910 fuerunt,
348 1831 396 1892 ut
407 1809 458 1890 de
469 1810 553 1890 vita
567 1809 653 1916 ipsa
665 1809 793 1890 metui
806 1829 990 1920 coeptutn
1003 1810 1064 1889 sit
1113 1809 1197 1892 Ve-
1325 1849 1331 1858 ¹

158 1969 260 2046 rum,
288 1969 560 2060 praeterquam
579 1947 623 2025 in
638 1945 828 2052 gravidis,
848 1967 918 2026 aut
938 1945 1197 2052 parturienti-

157 2079 244 2182 bus,
276 2081 519 2189 plerumque
548 2083 637 2188 plus
667 2083 845 2182 terroris,
872 2109 1000 2188 quam
1029 2081 1196 2188 periculi

156 2216 355 2324 injiciunt.
394 2219 577 2300 xEtenim
601 2219 707 2299 inter
726 2218 961 2302 innumeras
990 2217 1198 2322 foeminae,

158 2381 252 2460 quas
277 2339 485 2464 profluvio
514 2355 675 2436 uterino
704 2355 930 2437 laborantes
948 2354 1050 2454 vidi,
1078 2355 1195 2436 binas
1271 2373 1274 2380 “

157 2492 440 2573 tantummodo
459 2491 643 2592 memini,
662 2492 828 2598 quibus,
851 2491 943 2572 licet
962 2519 1046 2573 non
1065 2512 1196 2574 essent

157 2651 417 2735 praegnantes,
435 2629 598 2735 sanguis
613 2628 799 2710 cohiberi
809 2653 895 2709 non
909 2627 1056 2735 potuit,
1067 2629 1195 2713 donec

157 2763 235 2845 uita
253 2793 353 2847 cum
371 2791 418 2846 eo
437 2763 666 2846 effluxisset.

207 2904 422 2985 Menstrua
440 2901 680 3010 plerumque
704 2901 951 2982 minuuntur
970 2901 1076 2982 inter
1094 2929 1215 3010 qua·⁸

155 3037 429 3146 dragesimum
442 3059 482 3130 et
497 3037 887 3146 quinquagesimum
898 3063 1070 3138 annum,
1081 3060 1120 3118 et
1132 3040 1195 3120 in·
1226 3109 1229 3116 ⁴

156 3177 318 3258 terdum
337 3203 407 3284 per
435 3203 617 3256 mensem
636 3169 771 3254 unum
789 3195 860 3254 aut
888 3176 1061 3254 alterurn
1080 3201 1194 3282 ptor-

157 3339 219 3392 sus
248 3313 548 3412 desiderantur,
566 3339 674 3396 ,cum
693 3335 788 3391 vero
808 3309 860 3390 ad
887 3307 1000 3390 bunc
1019 3309 1195 3392 modum

154 3447 382 3559 inordinata
408 3449 562 3531 fuerint
590 3450 636 3528 in
666 3474 836 3547 annum,
863 3469 934 3527 aut
964 3446 1197 3562 biennium,

157 3587 318 3669 tandem
333 3615 382 3668 ert
396 3607 482 3668 toto
497 3587 699 3667 desinunt.
758 3585 859 3665 Haec
873 3582 957 3665 fere
975 3606 1036 3664 est
1049 3613 1196 3666 notnta

157 3723 360 3824 naturalis,
387 3724 590 3832 adquam
618 3719 781 3828 sanguis
810 3720 995 3802 uterinus
1024 3719 1212 3804 demum·

157 3859 346 3942 subsistit.
382 3967 384 3970 Ι
404 3856 598 3942 Attamen
613 3859 823 3940 interdum
841 3855 902 3956 fit,
920 3879 968 3938 ut
986 3872 1195 3938 menstrua

155 4016 193 4076 et
229 3998 386 4105 sapius,
413 4019 454 4078 et
486 3997 762 4078 abundantius
797 3991 930 4074 fluant
962 4015 1067 4093 tunt,
1096 4021 1194 4076 cum

157 4157 276 4240 prope
304 4156 401 4216 sunt
430 4133 483 4215 ad
512 4132 660 4214 finem:
691 4159 824 4239 neque
852 4157 947 4211 sane
980 4129 1059 4212 aiio
1091 4149 1195 4210 tem·

157 4290 263 4372 pore,
291 4271 329 4354 si
365 4271 611 4380 excipiamus
649 4267 948 4394 granditatem,
967 4335 969 4338 .
985 4265 1195 4376 sanguinis

619 4607 643 4650 f
