3002 5086
764 471 865 570 180

286 681 433 768 rodem
453 679 536 762 fere
557 701 665 762 statu
678 703 839 761 manet:
870 661 1183 789 quamprimum
1198 705 1331 766 antem

198 869 204 878 ·
280 804 535 929 pepererint,
565 819 735 900 morbus
756 817 926 924 majores
942 819 1044 900 vires
1065 821 1205 923 sumit,
1223 844 1262 904 et
1275 849 1335 904 ra-

289 957 390 1072 pido
409 979 531 1036 cursu
551 981 674 1059 aegras
695 954 928 1060 praecipitat

351 1095 484 1174 Urina
502 1089 691 1191 difficilis,
719 1111 790 1172 aut
809 1116 1033 1198 suppressa,
1060 1092 1269 1176 interdum
1288 1093 1334 1176 fit

291 1259 341 1313 ex
355 1231 533 1338 pondere
549 1231 654 1310 uteri
665 1229 710 1308 in
722 1229 931 1310 urethram
944 1229 1239 1331 incumbentis,
1266 1261 1333 1314 cu-

282 1369 352 1476 jus
372 1368 548 1449 catheter
577 1391 636 1448 est
656 1393 828 1473 praesens
859 1389 981 1473 atque
1007 1369 1179 1448 unicum
1208 1397 1332 1450 reme·

287 1505 416 1586 dium.
469 1508 689 1612 Postquam
703 1504 824 1583 urina
839 1503 1025 1584 triduum
1040 1533 1249 1610 suppressa
1264 1505 1328 1586 fu·

286 1666 384 1742 erat,
399 1670 469 1748 per
480 1639 722 1722 cathererem
739 1640 928 1747 quinque
943 1641 1055 1722 librae
1071 1641 1206 1722 effusae
1221 1663 1325 1724 sunt.

345 1781 570 1886 Emplastra
579 1777 824 1860 cantharidis
835 1777 1018 1858 foeminis
1029 1779 1328 1886 praegnantibur

284 1917 486 2023 imposita,
506 1943 597 2023 quae
618 1914 814 2020 majorem
825 1915 869 1994 in
886 1915 1061 1994 modum
1076 1939 1190 1998 erant
1201 1939 1328 1998 stran-

284 2053 411 2159 guriae
432 2053 632 2151 obnoxiae,
653 2051 824 2131 eandem
839 2051 1070 2136 inducendo
1083 2054 1248 2135 abortus
1263 2080 1329 2160 pe·

177 2173 184 2184 ⁵
283 2187 463 2270 ticulum
481 2188 677 2270 fecerunt.
743 2178 750 2198 ’

594 2388 1016 2438 ω

710 2565 818 2646 Car.
841 2567 908 2644 44.

564 2725 632 2809 De
660 2728 1039 2812 Hoemorrlzoidibus

335 2875 483 2970 Vnum
497 2887 678 2972 intestini
690 2893 787 2973 recti
799 2891 1009 2972 interdum
1021 2883 1323 2988 distenduntur,

281 3045 353 3103 aut
374 3025 496 3106 etiam
516 3051 782 3134 rumpuntur,
810 3049 850 3109 et
870 3027 1112 3134 sanguinem
1139 3025 1322 3106 fundunt

280 3159 365 3240 eine
383 3163 535 3264 dolore,
561 3165 727 3271 perinde
747 3195 792 3246 ac
811 3185 922 3244 venae
952 3193 1042 3270 quae
1063 3165 1224 3244 suntin
1252 3191 1321 3244 na·

279 3297 404 3378 ribus.
463 3302 572 3380 Alias
600 3301 812 3406 insigniter
832 3325 993 3384 tument
1022 3323 1092 3381 aut
1109 3299 1223 3400 foris,
1251 3322 1319 3380 aut

277 3431 403 3532 intus,
430 3455 470 3514 et
486 3463 570 3514 non
590 3461 856 3542 rumpuntur,
885 3439 953 3519 sed
973 3437 1230 3518 vehementer
1249 3438 1321 3516 do·
1394 3461 1397 3472 ’

276 3567 373 3668 lent,
401 3593 440 3652 et
473 3569 590 3654 dolor
623 3597 760 3656 manet
793 3576 916 3656 etiam
954 3598 1173 3680 postquam
1208 3599 1317 3654 venae

276 3728 420 3811 apertae
449 3708 632 3812 fuerunt,
660 3735 699 3792 et
718 3735 859 3793 tumor
888 3712 1073 3792 subsidit.
1135 3711 1318 3822 Quidam

274 3843 447 3926 credunt
465 3846 570 3928 hanc
590 3849 798 3954 sanguinis
819 3849 1098 3955 profusionem
1113 3871 1198 3928 esse
1216 3850 1319 3928 salu·

273 4001 415 4084 tarem,
447 4007 487 4066 et
519 3987 703 4092 proinde,
741 3987 774 4070 si
808 3987 1097 4067 valentioribus
1132 3983 1317 4065 remediis

273 4119 523 4222 cohibeatur,
552 4105 817 4204 subsecutura
844 4152 925 4204 esse
955 4122 1092 4228 capitis
1119 4121 1317 4216 dolorem,

273 4255 530 4360 vertiginem,
559 4287 728 4364 angores
748 4259 913 4357 ventris,
942 4282 1064 4364 atque
1087 4257 1316 4336 universam

225 4485 230 4493 Ι
270 4393 680 4499 conquassationem
710 4417 909 4502 tanquam
940 4394 1102 4500 sanguis
1137 4393 1216 4493 ille,
1244 4385 1315 4498 qui
