3002 5086
536 465 539 474 '
638 455 738 550 215

161 662 280 746 culus
294 661 384 744 loco
399 687 473 742 suo
488 681 713 762 moveatur,
731 662 814 742 sive
828 659 873 742 in
887 655 1126 746 duodenum
1139 656 1206 738 in·

159 800 360 888 teatinum
384 797 677 900 descendendo,
705 827 776 880 seu
794 796 1010 880 relabendo
1038 796 1082 882 in
1102 795 1204 876 vesi·

158 965 264 1020 cam.
323 938 484 1018 Metuat
501 935 672 1016 forsitan
689 936 851 1043 aliquis,
877 934 1008 1017 sicubi
1026 932 1202 1020 calculus

157 1071 269 1156 fixus
284 1073 431 1156 haereat
448 1095 488 1154 et
501 1073 739 1170 immobilis,
757 1099 810 1154 ne
825 1071 1004 1154 vomitus
1019 1069 1202 1153 dolorem

156 1209 359 1310 intendat,
387 1211 450 1290 vel
479 1211 603 1291 etiarn
634 1209 815 1290 canalem
844 1207 1203 1290 membranaceum

74 1341 75 1344 Ὺ
156 1347 326 1446 laceret;
354 1345 529 1454 ideoque
547 1347 841 1428 medicamenta
855 1370 946 1453 quae
962 1369 1124 1430 vomere
1142 1341 1203 1424 fa·

154 1483 277 1568 ciunt
290 1482 537 1564 reformidet.
595 1485 672 1565 Sed
687 1482 925 1590 hujusmodi
944 1503 1102 1564 metum
1120 1507 1199 1564 usu

153 1619 379 1705 didicimus
397 1648 481 1704 esse
498 1621 683 1721 inanem;
712 1649 809 1702 cum
823 1619 1001 1700 vomitus
1016 1617 1199 1700 dolorem

154 1757 360 1863 mitigare,
387 1757 522 1864 potius
549 1785 675 1864 quam
694 1785 838 1864 augere
866 1753 1198 1862 deprehendatur.

155 1895 292 2006 Quod
307 1895 341 1976 si
353 1895 481 1976 securi
493 1895 619 1976 simus
632 1895 681 1976 de
694 1896 885 2002 periculo,
897 1893 1066 1974 omnino
1081 1915 1200 1997 opor-

154 2033 263 2116 tebit
281 2031 401 2116 illum
419 2032 601 2138 excitare,
628 2055 699 2114 aut
718 2035 841 2114 etiam
858 2031 922 2112 bis
941 2031 1082 2130 facere,
1109 2028 1201 2111 licet

155 2197 266 2276 aeger
280 2199 352 2250 sua
372 2191 513 2275 sponte
531 2197 616 2252 non
630 2193 783 2270 vomat,
802 2198 886 2277 quo
905 2168 1052 2250 scilicet
1070 2169 1202 2248 calcu-

153 2307 222 2388 lus
242 2333 265 2386 e
284 2306 413 2386 canali
426 2307 654 2412 expellatur.
713 2309 933 2413 Postquam
947 2304 1040 2386 satis
1055 2331 1201 2386 vomu·

153 2441 250 2540 erit,
270 2442 364 2547 opio
383 2441 479 2525 dato
498 2443 612 2550 quies
627 2443 877 2528 concilianda
895 2463 964 2524 est.

212 2575 360 2685 Neque
379 2580 517 2660 minus
546 2580 720 2686 praesidii
738 2581 814 2661 erit
839 2579 884 2660 in
903 2577 1197 2686 purgantibus3

153 2743 252 2824 quae
271 2737 435 2797 motum
457 2717 743 2798 intestinorum
761 2717 987 2798 naturalem
1014 2715 1199 2813 incitant,

151 2873 194 2934 et
207 2879 378 2934 cursum
393 2853 483 2934 bilis
496 2853 757 2960 copiosiorem
774 2875 1006 2960 provocant.
1065 2851 1198 2932 Medi-

151 3011 343 3072 camenta
361 3018 409 3070 ex
428 2989 682 3100 hydrargyro
707 3021 730 3070 a
749 2989 955 3070 nonnullis
974 2988 1198 3070 existimata

153 3149 256 3210 sunt
274 3127 440 3234 reliquis
460 3127 729 3235 purgantibus
748 3149 957 3234 praestare3
985 3151 1082 3206 cum
1101 3151 1198 3206 veto

151 3287 374 3371 argentum
388 3264 545 3365 vivum,
560 3287 763 3372 quantum
777 3265 980 3364 novimus,
991 3263 1198 3370 propriam

152 3403 245 3484 vim
262 3403 420 3486 nullam
437 3402 582 3488 habeat
596 3403 647 3484 ad
667 3403 920 3486 resolvendas
938 3403 1031 3487 bilis
1051 3403 1135 3484 vias
1156 3423 1197 3484 et

152 3539 362 3622 calculum
389 3539 698 3647 expediendum,
728 3569 820 3622 meo
848 3539 1018 3650 quidem
1039 3539 1197 3648 judicio

150 3675 335 3760 maxime
353 3678 593 3762 convenient
612 3705 867 3786 quaecunque
892 3675 1008 3762 facile
1026 3679 1199 3760 toleran-

151 3835 239 3914 tur,
253 3833 293 3894 et
304 3815 530 3920 tutorepeti
542 3839 712 3922 possunt
723 3815 890 3898 diutius.
927 3814 1066 3920 Hujus
1078 3841 1197 3919 gene·

152 3951 213 4032 ris
233 3973 331 4034 sunt
346 3981 453 4062 aqua
470 3952 640 4055 marina,
658 3955 790 4040 fontes
806 3953 909 4054 salsi,
926 3973 967 4034 st
984 3951 1085 4033 varii
1099 3952 1196 4034 sales

152 4086 345 4170 dissoluti
362 4088 408 4170 in
427 4117 533 4198 aqua
552 4091 615 4174 vel
634 4119 749 4198 pura,
776 4091 839 4174 vel
857 4091 902 4172 in
927 4117 1055 4196 quam
1072 4087 1199 4169 herba

150 4223 294 4332 eliqua
325 4255 462 4308 amara
493 4228 616 4315 missa
647 4251 718 4317 est.
776 4231 877 4312 Haec
910 4225 1106 4335 quotidie,
1133 4223 1197 4306 vel

149 4362 280 4454 altero
313 4391 481 4476 quoque
512 4365 579 4450 die
612 4393 770 4451 sumere
799 4365 936 4451 licebit
966 4363 1012 4447 in
1043 4364 1194 4448 multos
