<?xml version="1.0" encoding="UTF-8"?>
<!DOCTYPE html PUBLIC "-//W3C//DTD XHTML 1.0 Transitional//EN"
    "http://www.w3.org/TR/xhtml1/DTD/xhtml1-transitional.dtd">
<html xmlns="http://www.w3.org/1999/xhtml" xml:lang="en" lang="en">
 <head>
  <title>
</title>
<meta http-equiv="Content-Type" content="text/html;charset=utf-8" />
  <meta name='ocr-system' content='tesseract 3.04.00' />
  <meta name='ocr-capabilities' content='ocr_page ocr_carea ocr_par ocr_line ocrx_word'/>
</head>
<body>
  <div class='ocr_page' id='page_1' title='image "./commentariidemo00hebegoog_0234.png"; bbox 0 0 3002 5086; ppageno 0'>
   <div class='ocr_carea' id='block_1_1' title="bbox 164 674 1336 4350">
    <p class='ocr_par' dir='ltr' id='par_1_1' title="bbox 164 674 1271 2976">
     <span class='ocr_line' id='line_1_1' title="bbox 167 674 1209 786; baseline 0 -24"><span class='ocrx_word' id='word_1_1' title='bbox 167 679 347 762; x_wconf 86' lang='lat' dir='ltr'>multum</span> <span class='ocrx_word' id='word_1_2' title='bbox 359 677 471 760; x_wconf 89' lang='lat' dir='ltr'>abest</span> <span class='ocrx_word' id='word_1_3' title='bbox 481 697 529 758; x_wconf 93' lang='lat' dir='ltr'>ut</span> <span class='ocrx_word' id='word_1_4' title='bbox 542 701 686 759; x_wconf 89' lang='lat' dir='ltr'>eorum</span> <span class='ocrx_word' id='word_1_5' title='bbox 696 674 901 758; x_wconf 85' lang='lat' dir='ltr'>facultates</span> <span class='ocrx_word' id='word_1_6' title='bbox 915 703 1011 759; x_wconf 91' lang='lat' dir='ltr'>usus</span> <span class='ocrx_word' id='word_1_7' title='bbox 1023 705 1209 786; x_wconf 85' lang='lat' dir='ltr'>compro·</span> 
     </span>
     <span class='ocr_line' id='line_1_2' title="bbox 164 813 1209 923; baseline -0.001 -24"><span class='ocrx_word' id='word_1_8' title='bbox 164 817 333 899; x_wconf 87' lang='lat' dir='ltr'>baverit.</span> <span class='ocrx_word' id='word_1_9' title='bbox 391 815 470 894; x_wconf 89' lang='lat' dir='ltr'>Vir</span> <span class='ocrx_word' id='word_1_10' title='bbox 484 813 826 920; x_wconf 84' lang='lat' dir='ltr'>quidamsaponis</span> <span class='ocrx_word' id='word_1_11' title='bbox 839 815 1005 896; x_wconf 87' lang='lat' dir='ltr'>unciam</span> <span class='ocrx_word' id='word_1_12' title='bbox 1025 817 1209 923; x_wconf 85' lang='lat' dir='ltr'>quotidie</span> 
     </span>
     <span class='ocr_line' id='line_1_3' title="bbox 165 950 1211 1057; baseline -0.002 -23"><span class='ocrx_word' id='word_1_13' title='bbox 165 955 427 1034; x_wconf 81' lang='lat' dir='ltr'>devoraverat</span> <span class='ocrx_word' id='word_1_14' title='bbox 438 976 509 1057; x_wconf 90' lang='lat' dir='ltr'>per</span> <span class='ocrx_word' id='word_1_15' title='bbox 528 967 680 1056; x_wconf 84' lang='lat' dir='ltr'>septem</span> <span class='ocrx_word' id='word_1_16' title='bbox 699 977 840 1050; x_wconf 85' lang='lat' dir='ltr'>annos,</span> <span class='ocrx_word' id='word_1_17' title='bbox 859 950 973 1056; x_wconf 81' lang='lat' dir='ltr'>c&#39;ujus</span> <span class='ocrx_word' id='word_1_18' title='bbox 993 953 1123 1034; x_wconf 87' lang='lat' dir='ltr'>vesica</span> <span class='ocrx_word' id='word_1_19' title='bbox 1137 953 1211 1036; x_wconf 89' lang='lat' dir='ltr'>fel-</span> 
     </span>
     <span class='ocr_line' id='line_1_4' title="bbox 166 1085 1211 1172; baseline -0.003 1"><span class='ocrx_word' id='word_1_20' title='bbox 166 1091 228 1172; x_wconf 87' lang='lat' dir='ltr'>lea</span> <span class='ocrx_word' id='word_1_21' title='bbox 252 1088 521 1169; x_wconf 86' lang='lat' dir='ltr'><strong>nihilominus</strong></span> <span class='ocrx_word' id='word_1_22' title='bbox 541 1085 700 1167; x_wconf 86' lang='lat' dir='ltr'>calculis</span> <span class='ocrx_word' id='word_1_23' title='bbox 720 1085 864 1168; x_wconf 86' lang='lat' dir='ltr'>referta</span> <span class='ocrx_word' id='word_1_24' title='bbox 890 1109 948 1170; x_wconf 90' lang='lat' dir='ltr'>est</span> <span class='ocrx_word' id='word_1_25' title='bbox 967 1115 1018 1170; x_wconf 89' lang='lat' dir='ltr'>ne</span> <span class='ocrx_word' id='word_1_26' title='bbox 1037 1090 1211 1170; x_wconf 87' lang='lat' dir='ltr'>minima</span> 
     </span>
     <span class='ocr_line' id='line_1_5' title="bbox 168 1221 1261 1333; baseline 0.001 -28"><span class='ocrx_word' id='word_1_27' title='bbox 168 1225 339 1333; x_wconf 89' lang='lat' dir='ltr'>quidem</span> <span class='ocrx_word' id='word_1_28' title='bbox 373 1245 483 1330; x_wconf 88' lang='lat' dir='ltr'>parte</span> <span class='ocrx_word' id='word_1_29' title='bbox 516 1223 651 1304; x_wconf 85' lang='lat' dir='ltr'>exesis.</span> <span class='ocrx_word' id='word_1_30' title='bbox 709 1221 895 1303; x_wconf 86' lang='lat' dir='ltr'>Medicus</span> <span class='ocrx_word' id='word_1_31' title='bbox 932 1225 1066 1325; x_wconf 87' lang='lat' dir='ltr'>solers,</span> <span class='ocrx_word' id='word_1_32' title='bbox 1094 1247 1133 1306; x_wconf 88' lang='lat' dir='ltr'>et</span> <span class='ocrx_word' id='word_1_33' title='bbox 1167 1227 1212 1306; x_wconf 90' lang='lat' dir='ltr'>in</span> <span class='ocrx_word' id='word_1_34' title='bbox 1249 1223 1261 1242; x_wconf 89' lang='lat'>&#39;</span> 
     </span>
     <span class='ocr_line' id='line_1_6' title="bbox 168 1359 1215 1458; baseline -0.001 -15"><span class='ocrx_word' id='word_1_35' title='bbox 168 1385 253 1444; x_wconf 89' lang='lat' dir='ltr'>arte</span> <span class='ocrx_word' id='word_1_36' title='bbox 282 1389 355 1442; x_wconf 88' lang='lat' dir='ltr'>sua</span> <span class='ocrx_word' id='word_1_37' title='bbox 373 1359 736 1458; x_wconf 83' lang='lat' dir='ltr'>exercitatissimus,</span> <span class='ocrx_word' id='word_1_38' title='bbox 765 1360 904 1442; x_wconf 86' lang='lat' dir='ltr'>solitus</span> <span class='ocrx_word' id='word_1_39' title='bbox 931 1383 1015 1442; x_wconf 91' lang='lat' dir='ltr'>erat</span> <span class='ocrx_word' id='word_1_40' title='bbox 1042 1361 1215 1443; x_wconf 83' lang='lat' dir='ltr'>ictericis</span> 
     </span>
     <span class='ocr_line' id='line_1_7' title="bbox 168 1498 1210 1604; baseline -0.001 -24"><span class='ocrx_word' id='word_1_41' title='bbox 168 1500 265 1580; x_wconf 86' lang='lat' dir='ltr'>dare</span> <span class='ocrx_word' id='word_1_42' title='bbox 284 1499 374 1578; x_wconf 91' lang='lat' dir='ltr'>salis</span> <span class='ocrx_word' id='word_1_43' title='bbox 390 1524 519 1578; x_wconf 91' lang='lat' dir='ltr'>cornu</span> <span class='ocrx_word' id='word_1_44' title='bbox 547 1499 654 1576; x_wconf 88' lang='lat' dir='ltr'>cervi</span> <span class='ocrx_word' id='word_1_45' title='bbox 674 1498 913 1604; x_wconf 89' lang='lat' dir='ltr'>scrupulum</span> <span class='ocrx_word' id='word_1_46' title='bbox 930 1519 991 1578; x_wconf 91' lang='lat' dir='ltr'>ter</span> <span class='ocrx_word' id='word_1_47' title='bbox 1010 1499 1192 1604; x_wconf 89' lang='lat' dir='ltr'>quotidie</span> <span class='ocrx_word' id='word_1_48' title='bbox 1198 1534 1210 1599; x_wconf 85' lang='lat'>3</span> 
     </span>
     <span class='ocr_line' id='line_1_8' title="bbox 169 1634 1212 1746; baseline 0.001 -28"><span class='ocrx_word' id='word_1_49' title='bbox 169 1663 220 1718; x_wconf 81' lang='lat' dir='ltr'>ex</span> <span class='ocrx_word' id='word_1_50' title='bbox 239 1665 324 1745; x_wconf 90' lang='lat' dir='ltr'>quo</span> <span class='ocrx_word' id='word_1_51' title='bbox 339 1637 517 1744; x_wconf 85' lang='lat' dir='ltr'>egregios</span> <span class='ocrx_word' id='word_1_52' title='bbox 538 1634 699 1744; x_wconf 70' lang='lat' dir='ltr'>effectus</span> <span class='ocrx_word' id='word_1_53' title='bbox 720 1663 760 1715; x_wconf 86' lang='lat' dir='ltr'>se</span> <span class='ocrx_word' id='word_1_54' title='bbox 787 1663 887 1742; x_wconf 81' lang='lat' dir='ltr'>saepe</span> <span class='ocrx_word' id='word_1_55' title='bbox 901 1659 1111 1743; x_wconf 88' lang='lat' dir='ltr'>expertum</span> <span class='ocrx_word' id='word_1_56' title='bbox 1129 1667 1212 1746; x_wconf 81' lang='lat' dir='ltr'>esse</span> 
     </span>
     <span class='ocr_line' id='line_1_9' title="bbox 169 1771 1215 1880; baseline 0 -24"><span class='ocrx_word' id='word_1_57' title='bbox 169 1773 410 1856; x_wconf 80' lang='lat' dir='ltr'>affirmabat.</span> <span class='ocrx_word' id='word_1_58' title='bbox 471 1773 634 1854; x_wconf 86' lang='lat' dir='ltr'>Rationi</span> <span class='ocrx_word' id='word_1_59' title='bbox 647 1771 817 1880; x_wconf 90' lang='lat' dir='ltr'>quidem</span> <span class='ocrx_word' id='word_1_60' title='bbox 828 1795 1142 1855; x_wconf 86' lang='lat' dir='ltr'>consentaneum</span> <span class='ocrx_word' id='word_1_61' title='bbox 1154 1797 1215 1856; x_wconf 90' lang='lat' dir='ltr'>est</span> 
     </span>
     <span class='ocr_line' id='line_1_10' title="bbox 171 1911 1212 2015; baseline -0.001 -22"><span class='ocrx_word' id='word_1_62' title='bbox 171 1913 271 1994; x_wconf 85' lang='lat' dir='ltr'>sales</span> <span class='ocrx_word' id='word_1_63' title='bbox 292 1913 491 2010; x_wconf 86' lang='lat' dir='ltr'>alcalinos‚</span> <span class='ocrx_word' id='word_1_64' title='bbox 510 1931 550 1990; x_wconf 90' lang='lat' dir='ltr'>et</span> <span class='ocrx_word' id='word_1_65' title='bbox 568 1937 774 2015; x_wconf 88' lang='lat' dir='ltr'>saponem,</span> <span class='ocrx_word' id='word_1_66' title='bbox 790 1911 908 1990; x_wconf 89' lang='lat' dir='ltr'>utiles</span> <span class='ocrx_word' id='word_1_67' title='bbox 923 1937 1004 1992; x_wconf 88' lang='lat' dir='ltr'>esse</span> <span class='ocrx_word' id='word_1_68' title='bbox 1023 1911 1212 1992; x_wconf 85' lang='lat' dir='ltr'>adversus</span> 
     </span>
     <span class='ocr_line' id='line_1_11' title="bbox 171 2047 1215 2146; baseline -0.001 -15"><span class='ocrx_word' id='word_1_69' title='bbox 171 2049 361 2146; x_wconf 88' lang='lat' dir='ltr'>icterum,</span> <span class='ocrx_word' id='word_1_70' title='bbox 389 2075 485 2128; x_wconf 90' lang='lat' dir='ltr'>cum</span> <span class='ocrx_word' id='word_1_71' title='bbox 514 2047 664 2126; x_wconf 87' lang='lat' dir='ltr'>horum</span> <span class='ocrx_word' id='word_1_72' title='bbox 694 2069 839 2127; x_wconf 85' lang='lat' dir='ltr'>natura</span> <span class='ocrx_word' id='word_1_73' title='bbox 858 2048 955 2126; x_wconf 87' lang='lat' dir='ltr'>adeo</span> <span class='ocrx_word' id='word_1_74' title='bbox 984 2048 1135 2130; x_wconf 87' lang='lat' dir='ltr'>accedit</span> <span class='ocrx_word' id='word_1_75' title='bbox 1163 2047 1215 2130; x_wconf 88' lang='lat' dir='ltr'>ad</span> 
     </span>
     <span class='ocr_line' id='line_1_12' title="bbox 171 2185 1214 2291; baseline -0.004 -21"><span class='ocrx_word' id='word_1_76' title='bbox 171 2187 314 2284; x_wconf 91' lang='lat' dir='ltr'>bilem,</span> <span class='ocrx_word' id='word_1_77' title='bbox 332 2207 380 2265; x_wconf 89' lang='lat' dir='ltr'>ut</span> <span class='ocrx_word' id='word_1_78' title='bbox 392 2185 476 2290; x_wconf 86' lang='lat' dir='ltr'>ejus</span> <span class='ocrx_word' id='word_1_79' title='bbox 493 2185 621 2264; x_wconf 91' lang='lat' dir='ltr'>vicem</span> <span class='ocrx_word' id='word_1_80' title='bbox 642 2185 948 2289; x_wconf 88' lang='lat' dir='ltr'>quodammodo</span> <span class='ocrx_word' id='word_1_81' title='bbox 963 2185 1156 2291; x_wconf 86' lang='lat' dir='ltr'>impleant</span> <span class='ocrx_word' id='word_1_82' title='bbox 1170 2186 1214 2266; x_wconf 89' lang='lat' dir='ltr'>in</span> 
     </span>
     <span class='ocr_line' id='line_1_13' title="bbox 173 2320 1214 2428; baseline 0.002 -25"><span class='ocrx_word' id='word_1_83' title='bbox 173 2325 468 2428; x_wconf 90' lang='lat' dir='ltr'>concoquendo</span> <span class='ocrx_word' id='word_1_84' title='bbox 489 2321 593 2421; x_wconf 90' lang='lat' dir='ltr'>cibo,</span> <span class='ocrx_word' id='word_1_85' title='bbox 612 2342 651 2400; x_wconf 89' lang='lat' dir='ltr'>et</span> <span class='ocrx_word' id='word_1_86' title='bbox 669 2321 714 2400; x_wconf 92' lang='lat' dir='ltr'>in</span> <span class='ocrx_word' id='word_1_87' title='bbox 733 2320 983 2427; x_wconf 86' lang='lat' dir='ltr'>detergendis</span> <span class='ocrx_word' id='word_1_88' title='bbox 1003 2321 1214 2406; x_wconf 82' lang='lat' dir='ltr'>intestinis.</span> 
     </span>
     <span class='ocr_line' id='line_1_14' title="bbox 173 2455 1271 2565; baseline 0.003 -24"><span class='ocrx_word' id='word_1_89' title='bbox 173 2463 307 2541; x_wconf 89' lang='lat' dir='ltr'>Cauto</span> <span class='ocrx_word' id='word_1_90' title='bbox 327 2481 462 2539; x_wconf 90' lang='lat' dir='ltr'>tamen</span> <span class='ocrx_word' id='word_1_91' title='bbox 478 2486 580 2565; x_wconf 84' lang='lat' dir='ltr'>opus</span> <span class='ocrx_word' id='word_1_92' title='bbox 599 2479 671 2556; x_wconf 90' lang='lat' dir='ltr'>est,</span> <span class='ocrx_word' id='word_1_93' title='bbox 689 2485 740 2537; x_wconf 85' lang='lat' dir='ltr'>ne</span> <span class='ocrx_word' id='word_1_94' title='bbox 759 2459 938 2538; x_wconf 89' lang='lat' dir='ltr'>nimium</span> <span class='ocrx_word' id='word_1_95' title='bbox 958 2455 1130 2542; x_wconf 88' lang='lat' dir='ltr'>fidamus</span> <span class='ocrx_word' id='word_1_96' title='bbox 1150 2462 1215 2544; x_wconf 90' lang='lat' dir='ltr'>his</span> <span class='ocrx_word' id='word_1_97' title='bbox 1265 2505 1271 2518; x_wconf 75' lang='lat'><em>,</em></span> 
     </span>
     <span class='ocr_line' id='line_1_15' title="bbox 173 2593 1215 2700; baseline 0 -22"><span class='ocrx_word' id='word_1_98' title='bbox 173 2597 402 2678; x_wconf 86' lang='lat' dir='ltr'>rationibus</span> <span class='ocrx_word' id='word_1_99' title='bbox 408 2631 420 2694; x_wconf 91' lang='lat'>;</span> <span class='ocrx_word' id='word_1_100' title='bbox 449 2595 621 2700; x_wconf 86' lang='lat' dir='ltr'>cognovi</span> <span class='ocrx_word' id='word_1_101' title='bbox 641 2595 752 2674; x_wconf 91' lang='lat' dir='ltr'>enim</span> <span class='ocrx_word' id='word_1_102' title='bbox 770 2594 899 2700; x_wconf 88' lang='lat' dir='ltr'>largos</span> <span class='ocrx_word' id='word_1_103' title='bbox 919 2593 1086 2676; x_wconf 86' lang='lat' dir='ltr'>haustus</span> <span class='ocrx_word' id='word_1_104' title='bbox 1107 2599 1215 2680; x_wconf 88' lang='lat' dir='ltr'>succi</span> 
     </span>
     <span class='ocr_line' id='line_1_16' title="bbox 173 2727 1216 2838; baseline 0.002 -24"><span class='ocrx_word' id='word_1_105' title='bbox 173 2733 381 2814; x_wconf 90' lang='lat' dir='ltr'>limonum</span> <span class='ocrx_word' id='word_1_106' title='bbox 395 2732 492 2812; x_wconf 90' lang='lat' dir='ltr'>adeo</span> <span class='ocrx_word' id='word_1_107' title='bbox 512 2731 709 2838; x_wconf 88' lang='lat' dir='ltr'>profuisse</span> <span class='ocrx_word' id='word_1_108' title='bbox 724 2731 776 2812; x_wconf 91' lang='lat' dir='ltr'>ad</span> <span class='ocrx_word' id='word_1_109' title='bbox 794 2731 980 2830; x_wconf 90' lang='lat' dir='ltr'>icterum,</span> <span class='ocrx_word' id='word_1_110' title='bbox 1000 2755 1047 2814; x_wconf 92' lang='lat' dir='ltr'>ut</span> <span class='ocrx_word' id='word_1_111' title='bbox 1061 2727 1216 2816; x_wconf 84' lang='lat' dir='ltr'>famam</span> 
     </span>
     <span class='ocr_line' id='line_1_17' title="bbox 175 2869 665 2976; baseline -0.01 -22"><span class='ocrx_word' id='word_1_112' title='bbox 175 2869 347 2954; x_wconf 86' lang='lat' dir='ltr'>remedii</span> <span class='ocrx_word' id='word_1_113' title='bbox 366 2870 665 2976; x_wconf 82' lang='lat' dir='ltr'>reportaverint.</span> 
     </span>
    </p>

    <p class='ocr_par' dir='ltr' id='par_1_2' title="bbox 175 2985 1336 4350">
     <span class='ocr_line' id='line_1_18' title="bbox 234 2985 1217 3114; baseline 0.003 -28"><span class='ocrx_word' id='word_1_114' title='bbox 234 3011 427 3086; x_wconf 79' lang='lat' dir='ltr'>Praetereo</span> <span class='ocrx_word' id='word_1_115' title='bbox 463 3008 593 3087; x_wconf 87' lang='lat' dir='ltr'>multa</span> <span class='ocrx_word' id='word_1_116' title='bbox 629 3005 741 3086; x_wconf 88' lang='lat' dir='ltr'>icteri</span> <span class='ocrx_word' id='word_1_117' title='bbox 778 2985 967 3106; x_wconf 82' lang='lat' dir='ltr'>remedia,</span> <span class='ocrx_word' id='word_1_118' title='bbox 1005 3035 1096 3114; x_wconf 88' lang='lat' dir='ltr'>quae</span> <span class='ocrx_word' id='word_1_119' title='bbox 1128 3009 1217 3114; x_wconf 85' lang='lat' dir='ltr'>jam</span> 
     </span>
     <span class='ocr_line' id='line_1_19' title="bbox 175 3143 1219 3248; baseline -0.002 -22"><span class='ocrx_word' id='word_1_120' title='bbox 175 3144 326 3226; x_wconf 90' lang='lat' dir='ltr'>merito</span> <span class='ocrx_word' id='word_1_121' title='bbox 339 3143 517 3248; x_wconf 86' lang='lat' dir='ltr'>neglecta</span> <span class='ocrx_word' id='word_1_122' title='bbox 530 3143 677 3248; x_wconf 86' lang='lat' dir='ltr'>jacent,</span> <span class='ocrx_word' id='word_1_123' title='bbox 695 3165 735 3223; x_wconf 92' lang='lat' dir='ltr'>et</span> <span class='ocrx_word' id='word_1_124' title='bbox 754 3164 979 3243; x_wconf 87' lang='lat' dir='ltr'>contemta;</span> <span class='ocrx_word' id='word_1_125' title='bbox 1009 3171 1105 3224; x_wconf 91' lang='lat' dir='ltr'>cum</span> <span class='ocrx_word' id='word_1_126' title='bbox 1119 3143 1219 3224; x_wconf 90' lang='lat' dir='ltr'>futi-</span> 
     </span>
     <span class='ocr_line' id='line_1_20' title="bbox 177 3279 1336 3387; baseline 0.002 -27"><span class='ocrx_word' id='word_1_127' title='bbox 177 3279 288 3360; x_wconf 86' lang='lat' dir='ltr'>libus</span> <span class='ocrx_word' id='word_1_128' title='bbox 303 3307 467 3385; x_wconf 90' lang='lat' dir='ltr'>prorsus</span> <span class='ocrx_word' id='word_1_129' title='bbox 482 3279 623 3379; x_wconf 86' lang='lat' dir='ltr'>causis,</span> <span class='ocrx_word' id='word_1_130' title='bbox 643 3303 764 3386; x_wconf 90' lang='lat' dir='ltr'>atque</span> <span class='ocrx_word' id='word_1_131' title='bbox 778 3281 980 3360; x_wconf 87' lang='lat' dir='ltr'>erroribus</span> <span class='ocrx_word' id='word_1_132' title='bbox 1001 3307 1103 3387; x_wconf 84' lang='lat' dir='ltr'>saepe</span> <span class='ocrx_word' id='word_1_133' title='bbox 1121 3281 1219 3362; x_wconf 88' lang='lat' dir='ltr'>ridi-</span> <span class='ocrx_word' id='word_1_134' title='bbox 1334 3279 1336 3284; x_wconf 61' lang='grc'>’</span> 
     </span>
     <span class='ocr_line' id='line_1_21' title="bbox 179 3415 1221 3524; baseline 0.002 -28"><span class='ocrx_word' id='word_1_135' title='bbox 179 3417 283 3496; x_wconf 90' lang='lat' dir='ltr'>culis</span> <span class='ocrx_word' id='word_1_136' title='bbox 311 3415 466 3496; x_wconf 87' lang='lat' dir='ltr'>famam</span> <span class='ocrx_word' id='word_1_137' title='bbox 494 3444 610 3496; x_wconf 88' lang='lat' dir='ltr'>suam</span> <span class='ocrx_word' id='word_1_138' title='bbox 633 3417 858 3497; x_wconf 88' lang='lat' dir='ltr'>debuerint.</span> <span class='ocrx_word' id='word_1_139' title='bbox 917 3417 1048 3524; x_wconf 85' lang='lat' dir='ltr'>Aquae</span> <span class='ocrx_word' id='word_1_140' title='bbox 1073 3417 1221 3498; x_wconf 90' lang='lat' dir='ltr'>Batho-</span> 
     </span>
     <span class='ocr_line' id='line_1_22' title="bbox 179 3551 1293 3662; baseline 0.004 -28"><span class='ocrx_word' id='word_1_141' title='bbox 179 3553 282 3634; x_wconf 88' lang='lat' dir='ltr'>nicae</span> <span class='ocrx_word' id='word_1_142' title='bbox 316 3581 340 3632; x_wconf 88' lang='lat' dir='ltr'>a</span> <span class='ocrx_word' id='word_1_143' title='bbox 371 3551 621 3660; x_wconf 84' lang='lat' dir='ltr'>quibusdam</span> <span class='ocrx_word' id='word_1_144' title='bbox 646 3553 869 3659; x_wconf 75' lang='lat' dir='ltr'>jactantur,</span> <span class='ocrx_word' id='word_1_145' title='bbox 897 3573 1096 3662; x_wconf 86' lang='lat' dir='ltr'>tanquam</span> <span class='ocrx_word' id='word_1_146' title='bbox 1129 3583 1221 3662; x_wconf 85' lang='lat' dir='ltr'>quae</span> <span class='ocrx_word' id='word_1_147' title='bbox 1289 3581 1293 3595; x_wconf 89' lang='lat'><strong>·</strong></span> 
     </span>
     <span class='ocr_line' id='line_1_23' title="bbox 179 3689 1220 3799; baseline 0.005 -30"><span class='ocrx_word' id='word_1_148' title='bbox 179 3691 411 3799; x_wconf 91' lang='lat' dir='ltr'>plurimum</span> <span class='ocrx_word' id='word_1_149' title='bbox 439 3691 490 3768; x_wconf 91' lang='lat' dir='ltr'>ad</span> <span class='ocrx_word' id='word_1_150' title='bbox 510 3690 680 3774; x_wconf 88' lang='lat' dir='ltr'>salutem</span> <span class='ocrx_word' id='word_1_151' title='bbox 707 3689 964 3776; x_wconf 83' lang='lat' dir='ltr'>ictericorum</span> <span class='ocrx_word' id='word_1_152' title='bbox 992 3689 1220 3774; x_wconf 85' lang='lat' dir='ltr'>conferunt.</span> 
     </span>
     <span class='ocr_line' id='line_1_24' title="bbox 182 3825 1222 3936; baseline -0.001 -26"><span class='ocrx_word' id='word_1_153' title='bbox 182 3827 244 3910; x_wconf 92' lang='lat' dir='ltr'>Hi</span> <span class='ocrx_word' id='word_1_154' title='bbox 264 3827 373 3932; x_wconf 79' lang='lat' dir='ltr'>aegri,</span> <span class='ocrx_word' id='word_1_155' title='bbox 391 3847 439 3908; x_wconf 92' lang='lat' dir='ltr'>ut</span> <span class='ocrx_word' id='word_1_156' title='bbox 457 3825 700 3928; x_wconf 87' lang='lat' dir='ltr'>dictumest,</span> <span class='ocrx_word' id='word_1_157' title='bbox 718 3827 957 3936; x_wconf 89' lang='lat' dir='ltr'>ubicunque</span> <span class='ocrx_word' id='word_1_158' title='bbox 971 3827 1122 3928; x_wconf 87' lang='lat' dir='ltr'>vivant,</span> <span class='ocrx_word' id='word_1_159' title='bbox 1141 3829 1222 3934; x_wconf 80' lang='lat' dir='ltr'>ple-</span> 
     </span>
     <span class='ocr_line' id='line_1_25' title="bbox 181 3964 1224 4072; baseline 0 -26"><span class='ocrx_word' id='word_1_160' title='bbox 181 3990 362 4069; x_wconf 87' lang='lat' dir='ltr'>rumque</span> <span class='ocrx_word' id='word_1_161' title='bbox 376 3964 681 4044; x_wconf 83' lang='lat' dir='ltr'>convalescunt:</span> <span class='ocrx_word' id='word_1_162' title='bbox 711 3964 793 4064; x_wconf 90' lang='lat' dir='ltr'>sed,</span> <span class='ocrx_word' id='word_1_163' title='bbox 808 3987 1011 4072; x_wconf 89' lang='lat' dir='ltr'>quantum</span> <span class='ocrx_word' id='word_1_164' title='bbox 1025 3965 1141 4072; x_wconf 92' lang='lat' dir='ltr'>potui</span> <span class='ocrx_word' id='word_1_165' title='bbox 1159 3966 1224 4046; x_wconf 90' lang='lat' dir='ltr'>in-</span> 
     </span>
     <span class='ocr_line' id='line_1_26' title="bbox 182 4089 1224 4210; baseline 0.004 -28"><span class='ocrx_word' id='word_1_166' title='bbox 182 4101 373 4207; x_wconf 83' lang='lat' dir='ltr'>telligere,</span> <span class='ocrx_word' id='word_1_167' title='bbox 399 4101 503 4181; x_wconf 82' lang='lat' dir='ltr'>salus</span> <span class='ocrx_word' id='word_1_168' title='bbox 522 4099 599 4180; x_wconf 94' lang='lat' dir='ltr'>illis</span> <span class='ocrx_word' id='word_1_169' title='bbox 618 4127 704 4210; x_wconf 84' lang='lat' dir='ltr'>non</span> <span class='ocrx_word' id='word_1_170' title='bbox 721 4100 878 4181; x_wconf 87' lang='lat' dir='ltr'>facilior</span> <span class='ocrx_word' id='word_1_171' title='bbox 894 4099 989 4200; x_wconf 89' lang='lat' dir='ltr'>fuit,</span> <span class='ocrx_word' id='word_1_172' title='bbox 1016 4089 1224 4210; x_wconf 82' lang='lat' dir='ltr'>propierea</span> 
     </span>
     <span class='ocr_line' id='line_1_27' title="bbox 184 4235 1223 4350; baseline 0.002 -30"><span class='ocrx_word' id='word_1_173' title='bbox 184 4236 301 4350; x_wconf 82' lang='lat' dir='ltr'>quod</span> <span class='ocrx_word' id='word_1_174' title='bbox 325 4235 505 4320; x_wconf 88' lang='lat' dir='ltr'>biberint</span> <span class='ocrx_word' id='word_1_175' title='bbox 522 4237 616 4320; x_wconf 89' lang='lat' dir='ltr'>istas</span> <span class='ocrx_word' id='word_1_176' title='bbox 636 4263 773 4346; x_wconf 85' lang='lat' dir='ltr'>aquas.</span> <span class='ocrx_word' id='word_1_177' title='bbox 832 4238 940 4318; x_wconf 90' lang='lat' dir='ltr'>Cum</span> <span class='ocrx_word' id='word_1_178' title='bbox 958 4257 1097 4320; x_wconf 85' lang='lat' dir='ltr'>tamen</span> <span class='ocrx_word' id='word_1_179' title='bbox 1124 4257 1223 4322; x_wconf 74' lang='lat' dir='ltr'>tuta</span> 
     </span>
    </p>
   </div>
   <div class='ocr_carea' id='block_1_2' title="bbox 0 0 1529 5086">
    <p class='ocr_par' dir='ltr' id='par_1_3' title="bbox 0 0 1529 5086">
     <span class='ocr_line' id='line_1_28' title="bbox 0 0 1529 5086; baseline 0 0"><span class='ocrx_word' id='word_1_180' title='bbox 0 0 1529 5086; x_wconf 95' lang='lat' dir='ltr'> </span> 
     </span>
    </p>
   </div>
  </div>
 </body>
</html>
