3050 5084
635 523 736 618 355

163 730 410 840 vigesimum
433 709 558 813 atatis
577 753 748 830 annum,
776 753 878 838 sape
896 729 1012 846 liberi
1037 730 1204 814 suntab

160 869 310 968 hoc,··et
330 867 514 975 quolibet
533 867 610 948 alio
623 867 740 974 signo
758 865 964 974 phthiseos
984 866 1205 974 pulmonis,

161 1031 293 1111 usque
312 1005 364 1084 ad
383 1004 648 1110 pubertatem.
707 1001 746 1082 A
758 1003 966 1110 pubertate
985 1023 1122 1084 autem
1136 1027 1205 1082 us·
1251 1089 1254 1097 ,

161 1169 243 1249 que
262 1141 314 1221 ad
332 1160 592 1240 senectutem,
611 1141 747 1222 nullus
766 1162 826 1222 est
844 1167 989 1240 annus,
1003 1137 1089 1246 quo
1108 1167 1203 1245 spu·

159 1301 254 1360 tum
272 1253 488 1358 cruentum
510 1303 594 1356 non
613 1275 811 1357 inciderit.
1245 1247 1248 1259 ¹

216 1415 444 1496 Periculum
473 1441 521 1494 eo
539 1413 670 1520 majus
690 1413 778 1510 erit,
806 1439 890 1520 quo
911 1413 1028 1518 plura
1045 1433 1085 1494 et
1112 1439 1203 1519 gra-

157 1545 272 1632 uiora
284 1551 388 1634 tabis
404 1551 518 1656 signa
533 1549 779 1648 accesserint,
790 1571 830 1630 et
845 1577 929 1655 quo
942 1573 1046 1654 aeger
1061 1549 1200 1630 minus

161 1707 277 1768 atate
303 1707 515 1794 provectus
535 1686 596 1766 sit.
644 1685 781 1803 ‘Sputa
810 1706 977 1766 cruenta
994 1683 1204 1766 interdum

162 1821 271 1903 liunt
290 1823 385 1922 sola,
404 1823 488 1903 sine
508 1821 721 1929 quibusvis
742 1821 828 1901 aliis
857 1819 1032 1902 adversar
1050 1821 1204 1902 valetu-

163 1959 270 2040 dinis
290 1959 440 2064 signis,
470 1985 602 2065 neque
627 1957 824 2065 majorem
852 1980 1046 2040 conatum
1066 1980 1205 2064 postu·

163 2098 262 2194 lant,
291 2123 418 2202 quam
442 2081 601 2202 pituita,
630 2121 720 2202 quat
748 2094 938 2176 facillime
967 2118 1203 2180 exscreatus.

165 2235 217 2314 Et
235 2233 282 2314 fit
301 2231 520 2338 aliquando
539 2256 588 2314 ut
600 2232 765 2338 sanguis
785 2261 936 2338 paucus
956 2255 1066 2314 exeat
1085 2261 1106 2314 e
1126 2255 1206 2314 tra-

69 2453 75 2463 ,
164 2371 275 2470 chea,
292 2371 356 2450 vel
375 2368 654 2477 pulmonibus,
672 2369 747 2449 ubi
765 2367 827 2449 hae
847 2391 976 2475 partes
994 2392 1092 2454 ¹sunt
1113 2369 1206 2450 satis

164 2531 295 2606 sanae3
323 2527 363 2586 et
391 2488 561 2612 preinde
594 2504 821 2611 periculum
854 2531 939 2584 non
972 2505 1103 2612 majus
1133 2527 1206 2605 est,

166 2643 342 2750 quamsi
360 2640 533 2722 ferretur
546 2669 568 2722 e
580 2639 691 2721 venis
707 2639 1127 2740 haemorrho‘idalibus,
1141 2641 1206 2722 vel

166 2805 187 2860 e
206 2779 387 2878 naribus,
410 2777 632 2884 prasertim
652 2776 688 2857 si
707 2775 784 2858 hoc
803 2774 875 2858 fiat
904 2779 948 2856 in
967 2777 1204 2860 senioribus.

166 2915 274 2996 Novi
294 2915 646 3022 septuagenarium
657 2915 841 2996 secundas
856 2914 1112 3014 valetudinis,
1132 2916 1207 3022 qui

167 3079 238 3160 per
260 3079 387 3132 annos
417 3051 717 3159 quinquaginta
742 3075 841 3131 raro.
861 3051 1077 3132 biennium
1104 3052 1207 3133 liber

167 3190 250 3272 fuit
276 3211 439 3296 asputo
466 3209 645 3269 cruento.
703 3188 787 3268 Alii
812 3182 978 3296 quoque
1006 3187 1207 3294 peridem

115 3381 122 3386 -
166 3327 250 3407 fere
284 3327 460 3432 spatium
493 3351 590 3406 eum
621 3325 817 3406 morbum
842 3325 1024 3430 subinde
1055 3325 1233 3432 experti*

168 3483 274 3546 sunt
333 3459 695 3568 Peripnsumonici,
725 3463 871 3544 morbo
885 3461 973 3568 jam
1000 3460 1207 3561 inclinato,
1332 3527 1335 3536 .
1460 3441 1466 3450 ⁸

167 3624 339 3679 mucum
368 3618 585 3678 cruentum
613 3623 812 3678 exscreare
831 3619 1140 3697 consueverunt,
1167 3619 1207 3678 et

167 3757 305 3816 tamen
317 3735 601 3814 convalescunt
613 3733 698 3814 sine
709 3734 794 3814 ullo
805 3733 938 3834 tussis,
949 3755 1020 3815 aut
1031 3733 1208 3840 cujusvis

168 3869 327 3978 injuria
340 3870 526 3975 vestigio:
551 3869 1087 3977 Exhisnonnulliquorum
1099 3897 1208 3952 mor-

169 4009 247 4090 bus
275 4007 429 4088 diutius
448 4006 582 4108 traxit,
599 4028 639 4087 et
658 4007 732 4114 qui
751 4003 971 4088 conflictati
990 4029 1086 4090 sunt
1102 4033 1209 4089 *cum

167 4168 291 4262 tusse,
314 4167 354 4226 et
372 4143 551 4250 spirandi
570 4141 819 4244 difficultate,
846 4167 886 4226 et
904 4143 1044 4246 macie,
1062 4169 1210 4232 conva-

167 4283 334 4364 luerunt
344 4296 495 4380 tamen,
505 4299 545 4362 et
556 4279 707 4365 multos
715 4306 841 4361 annos
854 4279 1206 4387 integrivixerunt.
1233 4301 1236 4308 ·

169 4399 497 4500 Graviavulnera
508 4441 702 4523 sanetum
712 4414 932 4500 hominum
942 4415 1207 4524 pulmonibus

630 4575 700 4634 aa
725 4577 749 4636 2
772 4593 776 4602 ·
