3104 5084
317 679 486 762 sperare.
543 655 652 736 Acor
679 651 802 760 hujus
826 652 934 735 succi
960 651 1197 738 manifestus
1223 655 1351 764 dolori

315 818 464 897 parum
490 790 700 890 convenit;
727 813 767 874 et
785 790 845 872 vis
865 789 951 897 ejus
971 790 1173 900 anodyna,
1196 791 1275 872 nisi
1291 793 1354 876 in-

317 949 397 1026 tus,
429 949 468 1008 et
488 927 545 1008 'in
578 927 812 1027 visceribus,
839 955 931 1008 meo
957 927 1115 1034 judicio
1143 929 1256 1008 nulla
1283 950 1351 1012 est.

318 1065 440 1176 Quid·
456 1063 569 1172 quod
587 1063 854 1170 antiquorum
872 1065 1064 1149 autoritas
1091 1063 1203 1146 haud
1221 1063 1354 1171 potuit

316 1201 512 1310 impedire
527 1229 578 1282 ne
594 1193 758 1309 collyria
773 1201 905 1308 opiata
918 1201 1079 1308 jamdiu
1091 1201 1333 1282 exoleverint
1340 1205 1358 1284 i·

319 1339 433 1446 quod
461 1367 546 1420 non
566 1339 650 1424 leve
669 1361 728 1424 est
747 1360 1036 1444 argumentum
1055 1360 1194 1422 contra
1212 1366 1355 1426 eorum

316 1475 544 1568 utilitatem.
602 1477 694 1558 Usu
728 1498 864 1556 tamen
897 1474 1046 1560 recenti
1084 1474 1199 1555 aiunt
1231 1473 1355 1584 fuisse

316 1633 571 1720 compertum
583 1612 767 1700 tincturae
780 1612 864 1719 opii
874 1633 1008 1718 guttas
1021 1631 1099 1692 tres
1112 1611 1236 1698 oculis
1250 1640 1353 1719 quo-

316 1749 414 1832 tidie
448 1748 655 1836 instillatas
695 1769 834 1833 contra
869 1749 1087 1836 obstinatas
1124 1745 1354 1830 inflamma.

315 1886 644 1980 tionesmultum
663 1885 873 1992 profuisse.
901 1904 907 1920 ·

371 2025 541 2128 Ungues
563 2003 785 2105 'oculorum
811 2051 912 2128 sape
929 2015 1082 2128 'sponte
1103 2049 1175 2102 sua
1202 2023 1352 2110 sensim

316 2159 527 2264 decedunt,
585 2161 654 2246 An
671 2187 813 2260 manu,
840 2181 911 2240 aut
929 2158 1231 2254 medicamentis
1261 2187 1351 2266 qua

315 2297 507 2384 erodendi
526 2296 759 2378 facultatem
778 2295 941 2394 habent,
968 2294 1122 2382 felicius
1146 2297 1352 2399 tollantur,

315 2461 400 2533 non
413 2460 586 2542 vpossum
604 2429 813 2535 affirmare,

542 2631 546 2636 Ι
660 2671 727 2760 De
747 2671 1004 2782 Nyclulopia,

369 2833 447 2914 Vir
466 2853 585 2917 natus
604 2831 772 2939 triginta
789 2859 915 2920 annos
936 2861 1060 2918 verno
1076 2855 1254 2938 tempore
1273 2832 1349 2912 im-

313 2959 477 3080 plicitus
496 2993 555 3060 est
567 2967 680 3056 febre
699 2970 1001 3070 intermittente,
1020 2997 1111 3076 quae
1126 2970 1200 3050 diu
1218 2969 1350 3068 traxit,

313 3131 523 3222 propterea
560 3106 674 3216 quod
704 3106 798 3188 satis
832 3107 989 3198 corticis
1022 3107 1233 3188 Peruviani
1259 3086 1350 3192 'non

315 3266 523 3332 sumserat.
581 3245 722 3351 ltaque
751 3243 796 3324 in
824 3242 1017 3350 frigidam
1041 3244 1104 3334 bis
1134 3243 1351 3341 descendit,

314 3403 355 3468 et
386 3409 434 3462 ex
461 3380 531 3462 illo
561 3379 685 3462 febris
718 3405 950 3492 nunquam
967 3380 1134 3498 repetiit.
1192 3379 1349 3461 Triduo

314 3540 406 3627 post
422 3517 613 3625 ultimam
638 3517 916 3622 accessionem,
944 3517 1048 3604 dum
1075 3518 1121 3598 in
1139 3515 1234 3608 navi
1257 3545 1348 3624 quae

274 3671 278 3678 '
309 3655 357 3746 in
375 3676 496 3762 portu
514 3674 598 3734 erat
616 3675 891 3760 occuparetur,
913 3653 1017 3742 circa
1045 3653 1138 3735 solis
1157 3681 1345 3748 occasum

313 3819 374 3882 res
395 3817 534 3872 omnes
554 3813 765 3898 coeperunt
783 3789 914 3872 colore
941 3788 1054 3872 infici
1077 3790 1267 3890 coeruleo,
1286 3817 1351 3872 ca-

312 3929 478 4036 ligoque
496 3927 619 4008 nubis
639 3925 766 4037 specie
795 3927 991 4034 paulatim
1011 3925 1194 4038 increvit,
1221 3925 1349 4008 donec

313 4063 486 4174 candelae
523 4063 665 4145 lumen
701 4064 812 4144 cerni
844 4063 913 4144 vix
949 4085 1091 4171 posset.
1165 4063 1349 4152 Crastino

313 4225 434 4288 mane
452 4198 553 4280 acies
572 4200 786 4280 oculorum
804 4200 987 4281 restituta
1004 4221 1074 4282 est.
1133 4201 1241 4280 Cum
1255 4225 1349 4294 vero

314 4335 664 4452 advesperasceret,
691 4335 833 4440 lumen
851 4335 975 4426 simili
1003 4337 1126 4420 modo
1155 4336 1348 4442 amissum
1421 4415 1425 4428 ,
