3104 5084
818 461 922 572 320

348 673 532 766 restituta
541 683 614 765 est.
673 679 817 788 Neque
836 680 914 762 hoc
933 701 993 762 est
1006 651 1177 762 unicum
1191 664 1314 790 liujus
1329 665 1389 768 rel
1463 747 1466 752 ,
1524 737 1525 766 ᾖ

349 819 594 926 exemplum,
622 818 735 926 qnod
754 813 859 898 mihi
879 816 1051 924 contigit
1069 819 1215 900 videre.
1274 819 1390 900 sanis

220 1037 225 1050 ,
347 970 474 1038 tatem
504 955 569 1038 bit
588 957 703 1062 agris
733 935 932 1037 redditam
951 954 1168 1036 tribuerim
1197 981 1282 1036 non
1301 977 1389 1038 tam

350 1091 740 1174 medicamentorum
768 1092 932 1190 auxilio,
959 1109 1086 1199 qnam
1105 1092 1389 1174 constitutionl

348 1231 526 1336 corporis
546 1219 687 1328 firma,
716 1250 807 1335 qua
827 1257 851 1308 a
869 1229 1104 1334 parentibus
1123 1220 1278 1310 'tabidis
1301 1251 1390 1312 non

295 1441 298 1448 ,
347 1365 526 1448 derivata
544 1365 638 1464 fuis,
666 1390 798 1471 neque
817 1386 1019 1445 strumosa
1038 1364 1126 1446 labe
1149 1364 1365 1472 inquinata
1377 1383 1396 1446 r·

346 1503 485 1609 ltaque
515 1501 683 1582 morbus
713 1501 789 1580 illis
808 1493 1005 1600 accidens,
1036 1501 1104 1580 via
1132 1501 1388 1614 discrepata

289 1670 290 1674 ¹
346 1639 512 1720 vulnere
532 1638 617 1720 sani
644 1635 822 1717 hominis
842 1632 1230 1742 pulmoniinflict03
1260 1635 1390 1742 quod,

297 1769 299 1772 ’
347 1797 587 1884 quanquam
616 1775 747 1854 multa
772 1771 978 1879 phthiseos
1006 1774 1113 1854 mala
1139 1773 1389 1872 accesserint,

346 1933 462 2022 posse
481 1934 616 1993 tamen
637 1912 688 1990 ad
706 1911 906 2016 integram
926 1910 1137 1991 sanitatem
1156 1909 1293 1991 venire
1307 1927 1388 1992 usn

347 2049 577 2130 didicimus.
607 2049 672 2128 Sic
685 2075 853 2154 quoque
863 2047 907 2128 in
917 2048 1030 2153 gravi
1041 2045 1390 2154 peripneumonia,

347 2177 617 2292 inflammatio
641 2184 860 2290 pulmonis,
878 2205 918 2266 et
936 2185 1069 2284 tussis,
1097 2204 1138 2266 st
1156 2205 1275 2292 sputa
1294 2209 1388 2268 cru·

347 2343 453 2423 enta,
470 2349 556 2404 uon
574 2321 806 2428 impediunt
823 2349 874 2402 ne
894 2322 1033 2427 aegroti
1051 2345 1100 2404 ea
1118 2342 1203 2402 tam
1218 2311 1386 2430 ancipitl

310 2508 312 2512 ·
345 2459 492 2541 morbo
511 2479 734 2564 assurgant,
752 2481 792 2539 et
811 2455 974 2564 prorsus
994 2453 1283 2539 convalescant

330 2674 334 2680 ,
402 2591 587 2684 Phthisin
605 2595 842 2700 contagione
860 2621 958 2675 cum
982 2585 1069 2676 aliis
1088 2591 1386 2676 communicarl

347 2751 475 2842 posse,
504 2732 710 2812 nonnullis
739 2733 916 2837 Europa
945 2729 1135 2837 gentibus
1169 2725 1386 2837 &suasit-

347 2868 500 2950 simum
529 2890 608 2968 est;
636 2895 780 2949 verum
796 2865 984 2949 Britanni
1002 2867 1072 2948 vix
1099 2885 1288 2974 unquam
1307 2863 1386 2952 sibl

347 3002 490 3087 cavent
517 3035 541 3086 a
566 3003 857 3087 consuetudine
885 3003 1133 3104 tabidorum,
1159 3003 1243 3086 sive
1270 3001 1386 3112 quod

347 3141 414 3224 isti
429 3143 611 3250 opinioni
625 3129 845 3224 fidemnon
860 3141 1023 3243 habent,
1035 3167 1105 3222 seu
1118 3140 1385 3249 quodhujus·

236 3327 242 3334 -
291 3361 294 3368 Δ
347 3279 462 3360 modi
479 3280 668 3386 cogitatio
682 3301 898 3385 nunquam
917 3299 1059 3360 eorum
1074 3268 1230 3360 animos
1242 3257 1387 3360 sublit

350 3415 468 3530 Quid
494 3415 539 3496 in
556 3415 631 3498 bac
645 3435 688 3496 re
707 3441 850 3496 vorum
867 3417 930 3515 sit,
945 3414 1121 3498 viderint
1136 3415 1238 3496 'aliis
1267 3414 1383 3522 eqni·

346 3552 442 3636 dem
460 3551 648 3634 nondum
661 3575 740 3636 usu
754 3527 948 3658 magistro
965 3571 1014 3634 so
1025 3577 1257 3660 progressus
1275 3579 1381 3653 sum,

347 3709 397 3771 nt
406 3687 562 3798 aliquid
572 3690 669 3772 ceni
679 3691 793 3772 desa
806 3709 970 3770 mecum
981 3707 1152 3772 statuere
1163 3689 1384 3796 potuerimr'

345 3815 474 3908 fateor
487 3847 623 3908 autem
636 3853 704 3908 me
718 3827 862 3909 vidisse
873 3825 1092 3934 nonnullos
1105 3825 1198 3907 tabo
1210 3851 1382 3932 pereum

345 3983 418 4064 tes,
434 3983 616 4071 quotum
629 3960 797 4045 morbus
818 3989 903 4046 non
917 3958 1028 4044 aliud
1041 3961 1290 4070 probabilius
1311 3960 1382 4041 hu·¹

345 4095 439 4182 buit
455 4099 635 4202 initium,
652 4125 780 4208 qnam
791 4099 906 4207 quo'd
920 4098 1077 4182 assidue
1095 4117 1179 4180 una
1196 4097 1378 4194 mutent,

345 4236 557 4349 autetiam
574 4237 833 4320 dormiissent
851 4218 948 4318 cum
969 4219 1127 4318 tabidis.

400 4373 656 4490 Quanquam
667 4373 734 4458 hic
749 4375 920 4458 morbus
931 4364 1114 4483 quotidie
1127 4389 1326 4472 nascatur,
1336 4381 1376 4451 et
