3016 5076
611 629 614 636 Δ
671 533 707 640 9

158 740 674 852 citamque,·numerantur
689 769 947 852 quecunque
966 769 1105 828 sensus
1124 741 1217 826 irri-

156 901 273 981 tant3
303 908 395 989 quae
425 881 597 989 quidem
624 882 825 988 prasenti,
851 903 894 964 at
921 881 1037 964 brevi
1063 883 1215 968 auxilio

158 1040 259 1100 sunt
276 1019 331 1099 ad
348 1018 619 1101 defectionem
637 1015 797 1124 animsae,
815 1013 857 1101 et
874 1018 1127 1103 debilitatem
1151 1049 1214 1104 re-

156 1153 382 1263 pentinam
426 1156 595 1238 Diutius
610 1181 778 1240 movent
790 1157 951 1258 vinum,
961 1180 1002 1238 et
1013 1181 1213 1262 arormta3
1243 1185 1248 1194 ·

155 1313 198 1375 et
216 1281 388 1401 proinde
399 1295 554 1377 utiliter
568 1293 816 1378 adhibentur
830 1293 1224 1399 inmultismorbis,'
1307 1335 1309 1340 ·

155 1431 234 1512 ubi
248 1431 353 1513 vires
366 1431 521 1539 jacent:
552 1433 621 1514 sed
639 1433 868 1514 videndum
885 1459 938 1514 ne
949 1461 1049 1516 usus
1068 1431 1213 1518 libefa-
1236 1427 1240 1436 ’

154 1567 235 1650 lior
253 1568 435 1650 nimium
452 1567 575 1652 faciat
594 1571 782 1669 calorem,
809 1590 881 1651 aut
900 1569 1023 1652 etiam
1041 1570 1212 1654 ebrieta-

152 1725 255 1786 tem.
314 1706 535 1788 Mortonus
553 1713 721 1790 centum
739 1705 823 1788 fere
840 1705 992 1788 abhinc
1009 1733 1139 1788 annos
1165 1707 1212 1790 in

151 1867 243 1922 non
259 1841 391 1924 levem
413 1843 767 1950 reprehensionem
784 1841 973 1946 incurrit,
999 1865 1211 1951 propterea

152 1977 273 2087 quod
286 1952 538 2062 aromatibus
553 2003 696 2089 praeter
707 1981 882 2062 modum
895 2009 994 2063 usus
1009 2003 1069 2062 est
1082 1981 1135 2062 sd
1148 2008 1211 2062 re-

150 2115 410 2220 focillandos,
420 2138 471 2199 ut
481 2119 538 2199 ait
549 2118 646 2226 ipse,
659 2117 974 2218 exsuscitamus,
985 2117 1210 2224 erigendos,

149 2251 455 2356 instaurandos,
471 2277 513 2337 et
532 2255 800 2338 stimulandos
819 2255 985 2364 spiritus
1003 2255 1206 2338 animales.

150 2390 307 2473 Tutius
322 2391 447 2472 simul
460 2412 500 2474 et
513 2389 712 2476 efficacius
731 2391 968 2502 presidium
982 2393 1208 2475 ventriculo

150 2528 332 2636 vitasque
345 2527 497 2636 petitur
510 2553 559 2610 ex
573 2529 877 2612 medicamentis
891 2530 1051 2632 amaris,
1069 2551 1140 2612 aut
1152 2531 1209 2612 le-

150 2663 262 2752 niter
272 2665 602 2774 astringentibus.
647 2667 736 2749 Flos
748 2663 998 2750 chamaemeli
1012 2667 1207 2774 inpulve·

149 2829 239 2888 tem
256 2802 378 2886 trime
386 2802 592 2912 plerisque
607 2805 701 2887 satis
707 2805 918 2912 jucundus
930 2827 1003 2906 est,
1015 2825 1088 2888 aut
1101 2827 1207 2890 certe

147 2939 384 3022 tolerabilis.
424 2941 616 3042 Cortices,
631 2941 985 3049 lignmetradices,
998 2939 1207 3049 inaquam

147 3075 375 3160 immittere
387 3099 562 3186 praestat,
577 3080 642 3160 vel
659 3105 708 3162 ex
726 3105 834 3188 aqua
851 3079 1075 3186 decoquere
1089 3113 1102 3179 3
1130 3078 1206 3186 qui

149 3215 307 3302 humor
317 3217 471 3297 colatus
482 3217 580 3324 ipsis
590 3215 895 3302 medicamentis
908 3215 1091 3298 contritis
1103 3238 1206 3324 saepe

148 3353 439 3436 anteferendus
458 3375 528 3436 est.
587 3355 695 3436 Rene
712 3376 786 3455 est,
800 3353 915 3462 quod
931 3353 1205 3460 intereaque

147 3513 255 3573 terra
269 3490 419 3598 gignit,
446 3491 570 3599 hujus
589 3491 745 3598 generis
765 3493 896 3574 multa
926 3512 1033 3574 sunt.
1090 3483 1206 3574 Nulli

148 3657 246 3711 vero
266 3627 376 3710 cedit
403 3649 540 3710 cortex
558 3630 818 3711 Peruvianus.
876 3628 1016 3738 Hujus
1045 3627 1204 3714 corticis

146 3762 297 3866 unciae,
324 3786 366 3846 et
379 3765 525 3846 radicis
552 3767 751 3872 gentisne
780 3765 998 3866 drachmae,
1026 3765 1061 3846 si
1088 3791 1204 3874 aquae

146 3901 344 3986 ferventis
366 3902 470 3984 libra'
488 3903 867 4009 superinfundamr,
880 3901 951 3986 fiet
961 3903 1119 4011 liquor,
1133 3931 1206 3986 cu·

142 4039 211 4147 jus
222 4039 499 4148 sesquiuncia,
512 4041 577 4122 vel
590 4042 855 4142 unciaebinae,
869 4041 913 4122 in
926 4039 1204 4149 quolibetfere

148 4178 301 4260 morbo
312 4198 402 4260 tuto
412 4199 453 4260 et
470 4177 626 4260 utiliter
636 4177 725 4261 dari
740 4199 923 4285 possunt.
953 4177 1050 4266 sed
1063 4178 1204 4262 cortici

148 4313 376 4398 Perusinus
404 4343 428 4396 a
446 4315 700 4423 quibusdam
718 4314 875 4422 objecta
893 4325 993 4399 sunt
1009 4309 1205 4417 crimina,

149 4449 285 4540 uado
305 4477 412 4564 qua,
429 4449 800 4540 inflammationem
817 4451 1009 4562 augendi,
1020 4473 1062 4540 et
1079 4448 1205 4558 restis

1448 3159 1453 3168 ·
1501 3038 1504 3054 “
