3104 5084
289 649 531 788 ³suppr'eosa,'
558 675 621 760 hie
655 651 851 762 omnibus
885 673 1044 770 auxiliis
1078 703 1357 786 sepenumero

307 847 455 930 perum
474 807 736 923 respondisse.
758 927 760 932 ι

359 945 548 1056 Dolores,
560 953 633 1062 qui
646 951 866 1036 menstruis
878 949 1140 1053 instantibus,
1151 955 1215 1035 vel
1226 951 1361 1042 fluen-

310 1095 435 1192 tibus,
464 1089 670 1190 oriuntur,
697 1083 789 1171 tuto
813 1088 1024 1170 leniuntur
1052 1091 1157 1197 opio.
1216 1093 1363 1201 ltaque

310 1229 514 1326 mulieres,
527 1254 617 1335 quae
631 1225 707 1306 illis
721 1225 960 1333 opportune
973 1245 1083 1328 sunt,
1094 1227 1244 1310 debent
1256 1257 1363 1310 sem-

311 1395 384 1480 per
395 1367 440 1446 in
453 1387 647 1472 promptu
658 1363 807 1445 habere
822 1363 1173 1470 oemigmnumvel
1183 1392 1365 1471 granum

314 1505 412 1612 opii,
430 1503 679 1584 sumendum
698 1501 886 1608 protinus
904 1522 953 1582 ut
978 1501 1096 1582 dolor
1113 1501 1293 1608 ingruat,
1311 1525 1366 1606 et,

300 1629 351 1725 'si
372 1669 473 1750 opus
493 1639 631 1739 fuerit,
658 1637 781 1720 eemel
801 1659 873 1719 aut
890 1636 968 1738 bie,
992 1637 1228 1746 interposita
1246 1641 1368 1722 oemi-

317 1781 432 1880 hora,
460 1775 738 1885 repetendum.
796 1777 942 1882 Neque
961 1775 1105 1882 opium
1132 1775 1211 1858 hoc
1239 1777 1368 1858 modo

318 1911 464 2001 ditum
476 1913 762 2024 purgationem
773 1910 894 1992 istam
905 1911 1104 2014 cohibuit,
1116 1915 1368 1998 automnino

320 2053 586 2165 perturbavit.
636 2049 775 2164 *Quod
790 2049 862 2130 eia
883 2047 1092 2130 stomacho
1107 2059 1211 2156 aegt‘e
1224 2051 1370 2154 fertur,

322 2189 539 2274 commode
572 2165 810 2270 infunditur
835 2185 887 2266 'in
915 2187 1067 2268 alvum.
1127 2187 1372 2300 Quinetiam

324 2331 502 2414 tinctura
521 2325 605 2440 opii
621 2325 757 2408 ventri
786 2325 888 2408 illita
905 2324 948 2404 vi
968 2325 1159 2434 anodyna
1183 2353 1271 2408 non
1290 2327 1372 2411 fuit

324 2467 527 2550 destituta.
575 2463 744 2546 Lavatio
757 2461 903 2572 tepida,
914 2483 955 2542 et
966 2487 1093 2569 vapor
1104 2489 1219 2571 aquae
1232 2465 1371 2548 calide

324 2605 581 2688 naturalibus
594 2618 781 2708 exceptus
802 2627 1033 2708 perpaucos
1049 2599 1133 2682 dies
1148 2581 1242 2682 ente
1256 2631 1372 2684 men·

271 2811 274 2830 ,
328 2733 539 2824 etruorum
558 2739 839 2837 accessionem,
863 2763 949 2817 non
968 2739 1267 2820 contemnendo
1285 2737 1374 2822 fue-

328 2903 430 2966 runt
447 2877 622 2982 auxilio3
652 2906 826 2961 necnon
844 2877 965 2960 utiles'
977 2877 1148 2961 fuerunt
1165 2909 1281 2990 aquae
1301 2883 1374 2966 Be-

329 3019 518 3104 thonicm

387 3155 602 3264 Siquidem
621 3173 831 3236 menstrua
842 3151 955 3260 jueta
977 3175 1090 3236 atate
1108 3151 1312 3258 deficiant,
1339 3177 1377 3240 et

333 3293 500 3376 tandem
519 3271 568 3371 ex
596 3311 683 3372 toto
712 3309 879 3390 cessent,
906 3313 1029 3399 atque
1052 3291 1203 3372 interea
1230 3281 1378 3377 mulier

334 3427 704 3527 commodovoleat,
723 3427 775 3508 ab
795 3427 910 3508 omni
921 3429 1030 3509 malo
1044 3429 1227 3534 graviore
1241 3431 1380 3534 libera,

335 3565 441 3650 nihil
460 3593 562 3675 opus
572 3565 650 3648 erit
663 3564 876 3648 medicina.
934 3567 1177 3677 Plerumque
1196 3597 1292 3656 eane
1310 3599 1382 3655 na·

336 3723 430 3788 tura
443 3729 515 3812 pet
534 3731 575 3786 ee
587 3701 736 3784 sufficit
755 3703 808 3784 ad
826 3703 1066 3812 sanguinem
1081 3709 1292 3790 uterinum
1308 3739 1382 3810 suo

337 3862 520 3949 tempore
557 3819 912 3948 supprimendum,
940 3843 1026 3926 eine
1062 3845 1148 3926 ullo
1185 3849 1382 3952 tumultu,

338 3978 415 4086 qui
433 3977 612 4060 alienum
640 3977 839 4060 auxilium
857 3981 1043 4086 postulet.
1101 3982 1268 4066 Nemini
1286 4013 1382 4068 vero

339 4111 475 4197 inhoe
486 4143 582 4198 casu
596 4115 952 4198 nocebitventtem
963 4145 1118 4201 servare
1129 4121 1383 4222 teneriorem,

301 4268 308 4280 ’
341 4272 481 4336 sumto
507 4251 733 4337 identidem
750 4252 1050 4340 medicamento
1080 4255 1221 4366 aliquo
1245 4259 1384 4343 leniter
