3104 5084
1290 611 1294 619 ·
1451 570 1455 644 ι

370 675 570 762 maximas
586 697 733 784 strages
753 675 858 777 edit;
887 699 1031 788 quarta
1048 677 1159 758 enirn
1175 704 1270 782 pars
1281 677 1402 758 homi·
1455 646 1456 680 l

371 823 489 915 num‚'
520 813 594 924 qui
613 813 664 895 ad
683 813 864 895 adultam
892 833 1054 895 aetatem,
1067 815 1325 920 perveniunt,
1348 815 1405 894 illa

243 999 247 1014 ·
372 949 713 1056 ferunturperire.
760 951 1041 1034 Veruntamen
1056 950 1207 1034 horum
1222 953 1406 1032 omnium
1464 988 1466 1056 ι

372 1113 482 1174 mors
512 1085 665 1196 phthisi
685 1087 890 1194 pulmonis
910 1115 1172 1196 nequaquam
1200 1111 1259 1170 est
1277 1089 1408 1196 impu·

371 1223 504 1308 tanda.
553 1223 784 1340 Quotquot
795 1225 906 1305 enim
921 1253 1018 1308 cum
1033 1227 1220 1328 obscuro,
1238 1249 1312 1308 aut
1323 1255 1409 1334 pro·

371 1361 494 1448 broso
531 1363 678 1490 morbo
715 1362 790 1444 diu
828 1359 1061 1464 conflictati,
1089 1363 1254 1448 tandem
1286 1365 1409 1446 macie
1471 1328 1476 1440 l

371 1479 669 1599 confectionis,
694 1498 738 1580 in
757 1525 979 1584 numerum
1000 1498 1297 1604 phthisicorum
1313 1499 1409 1584 refe-

372 1660 534 1740 runtur,
562 1665 802 1748 quanquam
832 1639 1044 1746 pulmones
1076 1639 1193 1724 omni
1215 1639 1316 1720 vitio
1350 1667 1410 1720 ca·
1480 1669 1485 1782 p

372 1773 558 1862 ruissent.

353 1979 361 1990 .
428 1908 602 1994 Phthisis
631 1909 878 2018 pulmonum
905 1909 1017 1992 fere
1008 1909 1152 2018 sucipit
1179 1907 1411 1998 ntussicula
1488 1898 1491 1984 l

373 2045 498 2146 aride,
516 2071 628 2156 quae,
644 2073 742 2128 cum
760 2045 920 2130 videtur
939 2047 1053 2154 parvi
1071 2047 1271 2148 interesse,
1285 2047 1411 2154 negli-

371 2175 1410 2296 gitur,donecspatiumhabuitaliquod‚etpaularim

367 2341 490 2436 aucto
507 2320 673 2430 periculi
689 2341 847 2402 metum
866 2320 1045 2402 incutere
1059 2321 1193 2426 coepit
1251 2321 1410 2428 Hujus·

358 2455 487 2543 modi
522 2455 640 2538 tussis
669 2456 833 2540 duravit
862 2455 1019 2566 aliquot
1046 2483 1173 2540 annos
1206 2457 1292 2542 sine
1323 2458 1409 2540 aliis

372 2591 488 2677 malis
503 2626 514 2693 ;
527 2596 531 2602 ’
542 2591 672 2672 immo
690 2591 898 2674 interdum
917 2592 1076 2700 penitus
1096 2593 1347 2704 conquievit,
1371 2615 1410 2677 et

373 2748 467 2840 port
479 2725 791 2816 intermissiones
806 2727 930 2810 modo
949 2729 1164 2828 breviores,
1177 2729 1302 2812 modo
1321 2731 1409 2812 lon·

368 2863 517 2984 giores,
544 2893 700 2950 reversa
735 2885 805 2948 ost.
863 2867 979 2972 AEger
1013 2887 1163 2966 autem,
1190 2889 1408 2984 postquam

373 3001 480 3090 inter
507 3031 620 3112 spem
638 3021 876 3110 metumque
903 3001 1058 3086 diutius
1083 3003 1216 3103 traxit,
1245 2999 1409 3086 tandem

373 3165 578 3226 novorum
596 3139 798 3222 malorum
817 3138 1037 3222 accessione
1051 3138 1289 3238 infestatum
1318 3147 1409 3250 q'uae

375 3301 542 3384 quoque
556 3275 763 3384 interdum
777 3275 912 3383 ipsum
931 3275 1113 3382 primum
1127 3273 1246 3358 tussis
1262 3275 1411 3358 adven·

375 3432 468 3498 tum
491 3421 616 3520 prope
630 3387 881 3520 sequuntur.·
928 3411 1028 3492 Haec
1043 3431 1178 3492 autem
1202 3433 1311 3510 sunt,
1331 3413 1409 3519 spi·

374 3545 477 3636 titus
497 3549 649 3649 creber,
663 3549 849 3648 raucius,
863 3545 1088 3647 fastidium,
1114 3546 1275 3647 macies,
1295 3547 1410 3629 debi-

257 3725 259 3730 ·
374 3681 479 3789 litas,
499 3685 660 3788 ‚dolores
689 3685 871 3792 pectoris,
899 3683 1062 3769 sudores
1085 3679 1204 3764 effusi
1229 3711 1301 3791 per
1319 3685 1410 3792 qui-

374 3841 495 3919 etem,
513 3841 631 3930 sputa
648 3841 814 3907 cruenta
831 3841 871 3904 et
890 3821 1118 3930 purulenta,
1145 3817 1345 3922 horrores,
1371 3839 1410 3907 et

253 3999 258 4006 ·
375 3979 512 4070 postea
530 3957 690 4057 calores,
715 3957 875 4040 ardores
894 3952 1023 4056 faciei,
1044 3981 1260 4056 manuum,
1287 3977 1327 4038 et
1343 3983 1411 4064 pe·

374 4093 492 4194 dum,
507 4093 701 4198 pulsuum
715 4119 910 4176 numerus
923 4117 1113 4199 superans
1129 4090 1351 4197 nonaginta
1365 4091 1410 4175 in

376 4229 618 4338 sexagesima
627 4229 737 4316 horae
751 4250 876 4340 parte,
892 4253 1061 4312 crurum
1072 4249 1225 4330 tumor,
1242 4249 1282 4312 ot
1296 4255 1411 4321 men,-

377 4387 489 4452 sttua
505 4363 746 4456 infoemioir
760 4391 987 4480 suppressa.
1041 4364 1228 4454 Calculus
1241 4364 1410 4475 exiguus
