3104 5084
717 509 814 606 sel

208 713 354 795 omnis
383 713 539 820 generis
572 715 749 796 remedia
779 735 929 798 tentata
955 697 1050 817 sint,
1078 745 1169 824 quae
1197 717 1260 800 vel

220 849 335 950 ratio,
362 851 426 931 vel
439 961 443 970 ἱ
458 851 674 951 temeritas,
707 851 770 932 vel
801 879 902 958 spes,
931 853 994 933 vel
1023 853 1260 960 desperatio,

168 987 174 997 '
219 987 283 1068 rel
302 987 531 1094 superstitio
549 987 756 1096 potuerint
774 987 1009 1096 excogitare,
1029 1011 1166 1070 tamen
1189 1017 1259 1096 pa·

217 1147 313 1206 rum
350 1123 594 1230 profecimus
632 1125 677 1204 in
715 1124 893 1206 sananda
922 1151 1016 1206 vera
1050 1127 1256 1232 pulmonis

216 1259 382 1366 phthisi.
440 1263 585 1367 Neque
612 1261 767 1342 mirum
790 1261 919 1342 videri
946 1261 1067 1343 debet
1095 1263 1257 1370 pulmo·

215 1425 312 1480 nem
330 1397 519 1480 tabidum
547 1429 570 1480 a
593 1399 825 1505 parentibus
850 1422 1072 1504 acceptum,
1091 1421 1161 1480 aut
1179 1401 1255 1482 ubi
1366 1445 1368 1452 v

214 1563 360 1642 corpus
380 1556 583 1616 strumoso
597 1535 698 1616 vitio
709 1535 1033 1616 contaminatum
1047 1559 1119 1636 est,
1138 1563 1254 1644 aegre,

212 1673 277 1754 vel
313 1660 399 1752 non
436 1672 607 1753 omnino
639 1672 777 1754 cedere
810 1671 1031 1755 medicina.
1092 1673 1252 1784 Quam·

212 1811 357 1892 obtem
384 1837 431 1891 ea
455 1809 632 1892 remedia
659 1809 742 1892 fere
761 1809 845 1892 sola
863 1809 926 1890 his
954 1807 1068 1916 aegris
1089 1837 1252 1892 succur-
1347 1875 1352 1892 ,

213 1967 317 2047 rent,
347 1973 439 2054 quae
463 1967 655 2054 poterunt
673 1947 909 2054 importuna
936 1945 1126 2052 quaedam
1145 1948 1252 2028 mala

210 2081 366 2200 phthisi
394 2111 495 2190 saepe
526 2083 751 2166 accedentia
781 2085 924 2184 levare,
960 2083 1071 2164 unde
1103 2084 1138 2164 si
1166 2085 1250 2166 vita

210 2245 296 2300 non
310 2218 381 2302 fiat
400 2219 572 2327 longior,
583 2221 752 2302 morbus
772 2221 912 2302 saltem
925 2219 976 2301 sit
989 2219 1246 2303 tolerabilior.

208 2357 289 2438 Lac
318 2357 524 2438 asininum
541 2385 720 2438 ,suavem
738 2356 885 2460 tabidis
916 2356 1058 2438 cibum
1083 2358 1248 2463 praebet,
1326 2443 1332 2458 ,

208 2494 282 2602 qui
300 2493 424 2576 febris
444 2495 604 2576 hecticae
624 2495 797 2576 calorem
815 2515 1023 2600 temperat,
1041 2515 1080 2574 et
1099 2521 1246 2601 corpus

206 2633 393 2739 viresque
404 2631 566 2712 amissas
583 2653 747 2737 reparat
805 2631 984 2712 Acidum
997 2631 1245 2714 vitriolicum

205 2766 386 2862 dilutum
404 2767 569 2848 decocto
587 2767 745 2848 corticis
765 2767 976 2848 Perusiani
1001 2766 1245 2850 instillatum

203 2925 377 3014 prasens
409 2925 469 2988 est
500 2903 728 2986 remedium
760 2901 952 2984 nocturni
987 2903 1162 3004 sudoris,
1189 2928 1244 3006 et,

203 3063 410 3150 quantum
427 3039 533 3121 mihi
547 3041 683 3120 visum
701 3061 772 3140 est,
786 3061 877 3122 tuto
890 3039 978 3120 dari
997 3063 1127 3146 potest
1139 3069 1242 3147 quo-

201 3179 301 3265 libet
331 3177 467 3260 morbi
494 3199 685 3283 tempore.
743 3176 914 3282 Spiritus
948 3177 1133 3282 angustia
1156 3205 1240 3259 non

199 3313 321 3398 debet
333 3313 529 3421 impedire
543 3341 594 3394 ne
610 3337 712 3418 aeger
725 3333 865 3394 utatur
879 3311 957 3393 hoc
969 3313 1162 3414 remedio,
1176 3315 1240 3396 vel

199 3450 325 3532 etiam
358 3449 465 3556 opio,
493 3447 608 3556 quod
639 3447 787 3529 tussim
818 3469 961 3555 praeter
991 3449 1130 3529 omnia
1161 3449 1237 3530 alia
1307 3431 1314 3454 ’

198 3585 493 3667 medicamenta
506 3584 737 3692 compescit,
763 3606 816 3686 et,
834 3584 868 3666 si
886 3585 1005 3665 detur
1032 3585 1238 3688 subituro,

161 3783 165 3788 -
197 3719 321 3804 efficit
339 3749 390 3804 ne
418 3721 529 3804 diem
547 3721 657 3804 taedii
687 3723 855 3829 plenum
874 3721 1010 3827 vigilia
1037 3745 1236 3803 nocturna

197 3883 400 3967 sequatur.
449 3861 610 3967 Urgens
622 3859 738 3940 dolor
749 3857 880 3939 lateris
895 3859 1070 3964 postulat
1082 3859 1234 3942 detrac-

197 3996 353 4079 tionem
371 3998 560 4106 quinque
589 3995 808 4078 unciarum
825 3995 1046 4101 sanguinis,
1073 4017 1114 4076 et
1137 3995 1235 4076 huic
1310 4027 1315 4034 ·

195 4133 438 4246 plerumque
455 4133 571 4216 cedit
633 4131 761 4246 Quod
779 4131 813 4212 si
832 4131 948 4213 dolor
967 4131 1086 4212 hebes
1102 4132 1165 4230 sit,
1191 4129 1242 4212 et

193 4269 460 4352 diuturnitate
488 4296 561 4350 sua
578 4269 727 4376 potius,
755 4295 882 4375 quam
902 4267 1154 4352 vehementia
1171 4265 1232 4348 fa-

192 4403 305 4514 tiget,
334 4407 598 4515 emplastrum
627 4405 871 4488 cantharidis
904 4431 1078 4512 parrum
1111 4431 1231 4512 super

666 4567 723 4648 ,Υ
