2990 5078
616 415 713 508 113

143 639 340 718 carerent;
370 645 467 724 quae
487 619 594 698 mala
622 641 713 725 post
734 641 811 698 tres
839 645 966 699 annos
990 621 1179 703 nondum

141 775 397 854 cessaverant,
415 775 455 836 et
473 755 608 854 nescio
628 783 681 836 an
700 783 771 864 per
790 759 920 836 totar'n
940 779 1098 840 aetatem
1116 759 1180 852 so-

43 922 50 947 ‘
144 914 229 974 rent
246 917 452 976 mansura.

494 1169 562 1249 De
593 1165 823 1275 Porrigine.

175 1305 239 1382 ·In
255 1301 475 1410 porrigine,
493 1331 563 1384 seu
579 1302 699 1398 tinea,
718 1323 942 1384 nascuntur
955 1304 1178 1410 squamulae

138 1440 310 1546 exiguae,
322 1467 418 1547 quae
432 1439 623 1546 pruriunt
636 1467 732 1518 cum
745 1439 985 1544 capillorum
997 1437 1176 1520 defluxu.

137 1576 295 1657 Sensim
314 1574 437 1682 serpit
455 1575 617 1674 vitium,
645 1597 685 1656 et
704 1574 870 1656 tandem
899 1598 1035 1658 totum
1055 1598 1178 1680 caput

138 1714 329 1820 contegit,
388 1713 601 1793 Interdum
620 1713 738 1792 altius
768 1735 950 1818 penetrat
968 1713 1013 1792 in
1032 1736 1182 1811 cutem,

138 1878 268 1960 quam
286 1849 498 1948 exulcerat,
511 1872 552 1930 et
566 1848 697 1930 scabie
716 1849 888 1930 humida
902 1849 1042 1932 foedat.
1076 1851 1182 1931 AEtas

140 1987 307 2093 puerilis
341 1986 610 2093 opportunior
643 2007 701 2067 est
735 1983 830 2066 huic
864 1987 1025 2084 morbo,
1055 2014 1183 2092 quarn

139 2123 303 2223 adulta3
344 2145 383 2202 et
425 2123 540 2229 pueri
578 2123 706 2228 magis
751 2151 879 2230 quam
918 2123 1088 2230 puellae:
1126 2119 1182 2204 ¹ex

140 2262 287 2344 adultis
313 2262 460 2342 multae
480 2260 566 2340 vidi
584 2259 789 2360 foeminas,
817 2260 887 2342 sed
906 2291 1053 2368 paucos
1074 2261 1182 2342 viros

142 2399 214 2480 hac
230 2420 342 2506 peste
362 2419 586 2502 occupatos.
646 2398 820 2478 Morbus
840 2419 899 2478 est
913 2399 1184 2506 contagiosus,

140 2559 178 2618 et
195 2534 390 2618 facillime
402 2563 506 2615 cum·
515 2534 600 2614 aliis
616 2533 957 2636 communicatur,
972 2539 1045 2644 qui
1059 2537 1183 2642 pecti·

141 2673 278 2771 nibus,
298 2693 369 2752 aut
380 2664 675 2778 pulvinaribus,
690 2693 762 2751 aut
774 2671 912 2776 capitis
926 2672 1183 2778 integumen-

142 2811 191 2891 tis
210 2809 360 2890 iisdem
378 2829 568 2906 utuntur,
596 2807 731 2914 quive,
759 2829 808 2890 ut
826 2804 874 2886 fit
888 2790 998 2890 inter
1026 2837 1186 2916 pueros,

144 2973 350 3052 aegrorum
363 2945 561 3052 capitibus
575 2971 648 3024 sua
662 2943 891 3024 admo-vent.
950 2945 1036 3026 Ubi
1049 2951 1186 3036 autem

142 3081 225 3164 haec
255 3082 398 3163 omnia
423 3103 538 3162 caute
568 3079 693 3161 vitata
720 3079 889 3180 fuerint‚·
917 3083 1015 3162 novi
1039 3110 1184 3189 pueros

143 3247 226 3302 una
245 3247 344 3318 esse,
363 3239 402 3298 et
421 3216 558 3296 ludere
581 3215 737 3296 in‘unis
759 3217 926 3317 aedibus,
956 3219 1109 3325 absque
1127 3245 1189 3318 eo,

145 3377 191 3437 ut
207 3357 276 3436 ille
297 3354 372 3460 qui
391 3352 597 3460 porrigine
616 3343 835 3460 implicitus
855 3375 953 3455 erat,
978 3355 1075 3435 alios
1095 3351 1189 3434 infi-

147 3517 262 3575 ceret.
768 3571 770 3576 a

199 3627 407 3744 Quadam
417 3627 706 3736 corporeistius
720 3625 882 3709 habitus
896 3655 977 3710 esse
987 3629 1192 3731 videntur,

147 3789 194 3848 ut
212 3767 408 3848 humores
429 3793 536 3846 acres
556 3763 683 3870 specie
699 3765 916 3872 porriginis
937 3767 982 3846 in
997 3789 1118 3874 caput
1132 3767 1193 3848 fa-

148 3904 220 3984 cile
239 3923 457 3984 transeant.
508 3901 743 4008 Aliquando
770 3902 889 3982 tussis
910 3901 1080 3984 cessavit
1099 3931 1193 4010 pro-

136 4040 261 4122 'tinus
293 4059 342 4120 ut
369 4037 617 4136 hoc·ritium
641 4059 762 4144 caput
795 4041 1074 4146 occupaverit3
1110 4065 1196 4144 quo

152 4178 274 4260 etiam
294 4157 523 4275 decedente,
545 4174 715 4260 morbus
736 4175 781 4254 in
806 4199 945 4281 pectus
966 4178 1115 4256 iterum
1133 4177 1197 4256 in-
1298 4209 1303 4222 ¹

154 4315 325 4398 clinatus
337 4333 411 4412 est,
428 4334 469 4394 et
484 4309 648 4420 spiritus
660 4314 799 4394 creber
811 4335 851 4396 et
865 4311 1041 4448 difficilis
1053 4313 1197 4395 factus.

673 4475 690 4530 1
