2990 5078
644 427 743 524 153
872 369 874 385 '

160 635 242 718 diis
260 633 596 742 comprimendus
616 655 689 735 est,
707 661 799 741 quae
821 635 949 740 capite
974 657 1073 716 xxv.
1093 644 1217 742 supra

160 773 371 884 proposita
385 795 492 856 sunt.
539 772 668 884 Quod
683 773 717 853 si
732 773 854 854 nimis
875 771 1058 854 astrictus
1072 773 1137 874 sit,
1151 774 1215 854 in·

160 909 379 992 fundenda
396 931 457 992 est
471 936 586 1016 aquae
599 910 704 990 libra
721 910 861 1016 inqua
875 912 1030 1016 liquata
1044 911 1212 992 est‘salis

160 1047 379 1154 purgantis
399 1046 617 1128 semuncia
675 1047 860 1148 Jactatio,
883 1069 924 1128 et
943 1047 1093 1152 vigilia,
1112 1075 1215 1153 saepe

159 1183 383 1266 solvuntur
395 1184 588 1266 fomentis
603 1211 718 1290 aquae
738 1184 895 1291 tepidae,
912 1185 1047 1291 capiti,
1066 1185 1129 1266 vel
1147 1213 1216 1292 pe-

159 1321 288 1403 dibus
304 1321 588 1422 admovendis3
602 1321 751 1427 juvant
762 1321 885 1402 etiam
895 1344 1020 1426 guttae
1033 1323 1139 1402 binae
1151 1323 1214 1404 vel

160 1479 243 1540 tres
273 1459 460 1540 tincturae
489 1459 574 1566 opii
602 1480 710 1540 sexta
739 1487 912 1566 quaque.
931 1458 1031 1538 hora
1056 1479 1211 1540 sumtae.

161 1595 368 1697 Calorem,
396 1596 593 1704 sitimque
621 1596 875 1676 cohibebunt
903 1617 1146 1701 aquaputa,
1173 1619 1214 1676 et

158 1733 359 1840 quaelibet
401 1733 583 1840 potiones
618 1756 770 1814 tenues.
842 1733 1048 1838 Languor,
1091 1753 1214 1838 atque

157 1897 295 1952 amun
317 1891 493 1975 jacentes
522 1871 669 1952 vinum
698 1872 915 1976 postulant,
943 1893 1013 1952 aut
1029 1869 1213 1952 misturae
1254 1887 1259 1898 '

158 2005 437 2112 camphoratae
467 2001 668 2088 cochleare
692 2009 860 2113 plenum
879 2007 1052 2088 subinde
1071 2006 1216 2088 biben-

158 2143 280 2224 dum.
339 2143 563 2250 Singultus,
581 2165 621 2224 et
635 2145 739 2224 leves
754 2165 920 2224 artuum
938 2141 1214 2242 distentiones,
1311 2185 1332 2242 .·
1378 2153 1394 2180 ·’

158 2278 498 2385 agitationesque,
540 2279 709 2362 moecho
751 2281 960 2362 interdum
995 2282 1213 2377 levanturs

158 2444 408 2524 quanquam
421 2437 557 2498 autem
569 2417 758 2498 moschus
773 2419 1032 2526 aliquantum
1044 2417 1214 2502 valuerit

160 2554 217 2635 ad
245 2553 509 2634 distentiones
542 2555 863 2660 compescendas,
905 2565 1147 2664 quanquam
1174 2575 1214 2636 et

159 2690 385 2796 camphora
398 2691 444 2770 in
458 2691 708 2798 quibusdam
727 2719 921 2770 somnum
940 2689 1113 2772 movisse
1128 2689 1214 2770 visa

159 2826 229 2926 sit,
257 2828 390 2908 multo
419 2849 557 2908 tamen
576 2827 719 2932 saepius
739 2849 779 2908 et
797 2827 882 2908 haec
901 2847 941 2908 et
960 2827 1026 2906 ille
1041 2825 1214 2916 fuerunt

160 2989 328 3069 prorsus
340 2963 515 3046 inutiles.
545 2965 722 3045 Memini
733 2963 960 3072 camphora
973 2964 1213 3068 scrupulum

161 3099 404 3182 dat‘umesse
414 3099 605 3182 febrienti
617 3124 725 3182 sexta
738 3127 901 3208 quaque
913 3101 1026 3196 hora,
1038 3119 1078 3178 et
1088 3097 1214 3180 simul

149 3237 324 3334 imo'sohi
352 3239 596 3320 tantundem
629 3261 772 3346 quater
799 3239 922 3320 etiam
947 3239 992 3318 in
1016 3243 1081 3323 die
1099 3237 1210 3318 horis

154 3371 271 3454 inter
281 3373 436 3480 priores
449 3375 606 3476 mediis,
625 3403 758 3483 neque
777 3377 1051 3458 ventriculum
1071 3403 1213 3484 grava-

156 3507 265 3592 bant
292 3509 378 3592 haec
407 3513 714 3615 medicamenta,
742 3515 812 3596 sed
830 3514 934 3594 nihil
953 3515 1212 3622 profecerunt

164 3645 227 3728 sel
253 3647 308 3728 ad
336 3649 531 3738 tollendas
560 3649 836 3752 distentiones,
863 3655 928 3734 vel
946 3653 998 3732 ad
1018 3681 1212 3734 sueonum

152 3783 430 3866 moliendum
490 3787 782 3896 Cujuscunque
800 3790 956 3896 generis
973 3790 1105 3872 'febris
1123 3789 1213 3872 fue·

154 3917 228 4018 sit,
246 3921 345 4026 agri
359 3922 484 4028 ipsius
494 3923 653 4029 judicio
664 3926 990 4033 permittendum
998 3949 1070 4028 est,
1085 3927 1210 4006 modo

161 4081 276 4164 mens
304 4057 542 4162 constiterit,
569 4085 722 4170 surgat,
750 4091 802 4146 an
830 4063 875 4144 in
898 4065 1000 4146 lecto
1021 4091 1061 4146 se
1079 4063 1210 4152 coati-

149 4203 265 4280 sest
287 4229 310 4280 ,τ
