3016 5076
666 477 733 586 19

160 683 273 770 undu
292 685 394 793 aegti
411 677 527 768 fiunt
538 681 749 787 nudrsui,
767 687 892 789 rauci,
911 686 974 770 sel
992 685 1075 772 fere
1093 687 1214 792 muti,

155 847 199 908 et
223 825 379 906 interea
397 847 516 930 sapor
543 823 735 904 omnium
750 847 904 926 rerum,
929 827 1104 928 stodor,
1130 827 1210 909 illis

155 960 275 1070 perit.
333 961 428 1044 Hoc
446 943 701 1068 profluvium
718 970 811 1042 'acre
828 961 1039 1044 interdum
1053 965 1210 1046 exules-

154 1121 221 1181 rat
237 1098 350 1179 intus
369 1123 500 1198 nares,
527 1117 569 1179 et
582 1118 719 1180 totum
738 1099 904 1181 labrum
923 1099 1122 1208 superius,
1150 1101 1208 1182 sic

152 1259 204 1319 nt
221 1256 359 1318 crusta
385 1233 566 1320 obducta
583 1234 736 1318 multos
762 1234 849 1318 dier
868 1260 1091 1346 perseveret
1116 1259 1209 1346 post

151 1371 297 1456 morbi
305 1371 465 1480 fugam.

209 1507 347 1591 Febris
365 1507 493 1592 modo
517 1509 715 1617 descripta
733 1535 840 1618 raepe
863 1511 1033 1619 quidem
1060 1510 1205 1594 morti·
1359 1489 1361 1493 ³

146 1646 240 1730 fara
250 1649 610 1755 est3saepiurracat
619 1648 816 1756 pericu103
831 1648 1092 1740 etinrerdum
1102 1649 1203 1734 adeo

147 1785 269 1868 mitis
286 1807 362 1886 est,
378 1805 431 1894 ut
453 1783 570 1892 baud
587 1785 697 1866 ultra
721 1809 867 1895 paucas
883 1785 1001 1868 horas
1015 1785 1148 1886 duret,
1161 1807 1202 1868 et

147 1921 327 2006 forsitan
337 1921 594 2006 inobservata
607 1922 845 2030 praeteriret,
863 1923 943 2004 nisi
960 1923 1094 2006 brevis
1108 1922 1203 2032 qui-

147 2057 253 2140 darn
271 2059 458 2166 languor,
484 2081 526 2139 et
544 2057 768 2142 nonnullus
786 2060 890 2141 cutis
906 2061 1047 2162 rubor,
1073 2081 1114 2143 et
1132 2059 1201 2142 alii

145 2196 196 2277 in
211 2193 355 2278 eadam
372 2196 498 2276 domo
517 2195 595 2277 lsoc
610 2197 757 2279 morbo
771 2197 972 2304 impliciti,
989 2198 1040 2280 de
1053 2219 1201 2280 natura

145 2331 360 2440 languoris
375 2331 569 2414 dubitare
588 2359 663 2416 nos
682 2361 769 2414 non
796 2335 986 2436 sinerent,
1012 2334 1136 2416 etiam
1153 2333 1200 2416 in

146 2471 199 2552 iis
222 2469 297 2578 qui
315 2492 402 2550 tam
415 2467 555 2552 leviter
569 2468 764 2552 laborant.

194 2605 327 2715 Haud
336 2629 486 2688 tamara
497 2605 625 2687 alium
633 2607 829 2692 morbum
840 2603 1196 2716 repereris‚inquo

142 2745 254 2852 aegri
269 2744 418 2852 taepius
430 2743 652 2851 desipiunt,
666 2764 709 2826 et
719 2771 816 2838 cum
831 2744 990 2826 minore
1003 2745 1194 2852 periculo.

143 2885 197 2964 ln
212 2881 370 2966 eaeteris
389 2879 575 2964 febribus
602 2907 718 2964 mans
738 2909 829 2965 raro
847 2881 1038 2964 turbatur
1065 2882 1196 2964 donec
1290 2915 1296 2924 ·

141 3020 253 3128 aegri
271 3021 358 3129 jam
376 3020 422 3102 in
449 3017 566 3102 malis
583 3042 706 3121 sunt3
734 3019 907 3127 ideoque
926 3019 1004 3100 hoc
1026 3019 1195 3126 signum

136 3183 233 3241 non
247 3157 397 3266 injuste
412 3180 562 3242 terret:
588 3159 658 3240 sed
672 3157 847 3240 infabre
866 3159 991 3240 rubra
1010 3157 1111 3264 aegri
1130 3158 1194 3240 rel

137 3298 235 3406 ipso
264 3297 400 3404 primo
417 3295 687 3396 diedrlirant3
716 3317 839 3404 atque
851 3295 1075 3396 interdum,
1100 3295 1192 3382 licet

138 3433 264 3517 omni
292 3433 371 3516 alio
389 3433 559 3540 periculi
587 3432 740 3514 indicio
759 3454 916 3534 vacent,
942 3453 1080 3515 tamen
1107 3461 1194 3514 non

134 3591 302 3656 ooeaant
318 3569 448 3652 alisna
466 3569 583 3678 loqui
603 3569 774 3678 singulis
793 3569 983 3652 noctibus
1001 3571 1055 3654 ab
1073 3568 1193 3652 initio

135 3707 285 3791 morbi
302 3733 434 3815 usque
452 3707 506 3788 ad
523 3705 661 3790 finem.

167 3859 172 3871 '
198 3845 313 3928 lutor
330 3843 563 3953 impuberes
579 3843 799 3952 utriusque
816 3871 933 3926 sexus
952 3845 1192 3952 contagione

131 3981 592 4092 finillimepropagatur
605 3981 844 4064 haecfsbris.
902 3983 1036 4068 Maras
1048 3983 1193 4090 vigesi-

133 4141 267 4207 mum
291 4147 450 4203 annum
478 4119 626 4229 agressi
655 4145 804 4228 parum
827 4119 887 4202 illi
920 4142 1017 4202 sunt
1044 4147 1192 4228 oppor-

133 4259 255 4362 tuni3
284 4284 526 4368 quanquam
536 4283 673 4340 unum
687 4277 808 4366 atque
819 4255 1191 4372 altarumvidi,qui

135 4417 241 4508 post·
265 4395 528 4504 trigesimum
565 4423 724 4480 annum
750 4395 796 4476 in
823 4419 916 4476 eam
953 4391 1190 4476 inciderant.

585 4519 706 4615 'c2
